3300 5050
365 580 434 651 tn
506 558 663 656 Jom
740 546 1249 653 coturnus„

267 817 270 824 ,
361 743 569 817 trimentum
586 736 623 812 ἃ
643 738 899 834 Vegetationis
925 738 1042 812 lucum
1069 734 1299 827 inveniendi

361 840 400 917 dt
416 847 516 931 super
540 838 705 910 Multum
725 834 848 909 sensim
870 835 983 910 crusta
1011 838 1211 933 plantatum
1233 836 1298 908 iro·

362 939 528 1012 nascitur.
581 935 723 1009 Harum
738 933 823 1010 lolia
838 933 1061 1029 panetaria,
1091 935 1178 1009 dum
1197 934 1288 1006 radi·

365 1061 425 1113 ecs
446 1050 643 1129 perennant
671 1034 816 1107 humum
846 1033 1046 1129 producunt
1087 1031 1299 1108 terrestrem

364 1132 493 1209 senlirn
506 1130 759 1208 increscentem
776 1150 816 1205 ut
834 1134 962 1206 deinde
983 1131 1130 1208 sufficiat
1153 1129 1302 1204 alendis·

368 1232 409 1309 ἀ
440 1230 647 1305 sustinendis
670 1232 799 1325 plantis
820 1230 1043 1326 majoribus,
1081 1232 1292 1317 arboribus,

366 1331 585 1418 fruticibus,
609 1328 647 1403 dt
666 1330 790 1403 harum
811 1331 950 1404 radices
976 1331 1116 1404 aliarum
1143 1353 1191 1402 ve
1218 1339 1290 1401 eru⁴

368 1431 457 1506 bom
475 1429 653 1502 radicibus
674 1429 852 1525 implexae
868 1426 908 1502 dt
927 1449 1009 1503 cum
1023 1426 1170 1504 uetustis
1181 1355 1291 1499 tian-

368 1525 463 1602 nosrs
480 1547 522 1601 ac
542 1528 718 1622 corruptis
740 1528 957 1602 commixtae
987 1529 1132 1603 humum
1159 1523 1292 1599 Turft·

369 1649 473 1702 ceum
496 1622 684 1714 efficiunt,
724 1647 815 1721 quae
847 1623 1022 1701 exsiccata
1053 1624 1293 1700 acl-alendam

371 1719 555 1799 flammam
581 1722 711 1796 idonea
733 1724 895 1797 babetur.
951 1726 1050 1799 Talis
1083 1724 1204 1821 itaque
1228 1722 1301 1796 bu·-

369 1843 453 1897 mur
468 1843 580 1917 aquae
607 1820 769 1912 binatat,
800 1843 840 1895 ut
860 1824 972 1897 etiam
991 1827 1186 1921 separataa
1208 1843 1295 1895 coo·

370 1920 504 2006 untnti
525 1919 644 1993 Terra
658 1920 786 1993 Insulas
812 1941 979 1996 natantes
1000 1922 1151 1995 furmure
1172 1919 1295 2016 poffi't3

372 2037 519 2115 grautta
537 2041 625 2091 vero
643 2017 914 2094 increscentiutn
931 2023 1094 2095 arborum
1110 2019 1294 2117 pondere,

373 2118 433 2190 vel
448 2119 543 2191 elota
564 2115 733 2192 inferiore
752 2119 936 2213 superficie
951 2118 1245 2215 praecipitabitur
1259 2118 1297 2191 iu

372 2214 546 2305 fundum,
567 2211 607 2289 dt
631 2216 715 2289 inde
740 2216 857 2309 plures
881 2218 1127 2293 subterraneae
1149 2219 1298 2314 sylvae,

373 2312 484 2387 strata
500 2317 662 2387 arborum
679 2314 716 2385 in
738 2314 826 2387 loeis
842 2316 1049 2406 Torsaceis‚
1076 2316 1133 2389 vel
1148 2314 1299 2388 eaedem

374 2412 517 2487 trebiae
532 2411 721 2507 aliquando
733 2412 966 2487 inveniuntur
978 2471 987 2505 ‚
998 2431 1036 2489 ut
1050 2415 1095 2489 de
1110 2414 1298 2490 Mutinen·

376 2508 467 2585 sibus
503 2507 616 2585 stratis
644 2510 754 2585 refert
778 2512 960 2588 Laudatus
984 2516 1298 2588 Rrsrrzarnus.
1348 2576 1352 2585 .

376 2612 449 2683 Sub
467 2609 581 2683 stratis
599 2633 686 2682 vero
702 2610 890 2686 Turfaceis
908 2613 1038 2687 Testae
1065 2616 1300 2697 cochlearum

377 2707 648 2791 &Concharuru
659 2710 904 2802 reperiuntur,
916 2736 1004 2810 quae
1014 2715 1141 2786 Mosco
1156 2709 1193 2785 dt
1203 2713 1301 2805 plan·

379 2808 427 2879 tis
456 2804 628 2902 aquaticis
646 2805 856 2881 viditabaut
875 2808 912 2883 u
939 2829 1080 2883 mortuo
1096 2809 1238 2883 animali
1255 2808 1302 2882 ad

289 2904 294 2912 ’
377 2903 527 2978 fundum
540 2903 638 2977 fuere
649 2908 1069 3004 praecipitatae„qoarum
1080 2910 1303 2982 mentionem

379 3001 532 3101 fecimus
559 3005 646 3099 Cap.
672 3005 755 3076 ΧΠ,
780 3028 860 3102 pag.
883 3030 963 3080 roa.
1003 3005 1149 3081 Affertis
1174 3007 1303 3080 nostris

380 3099 639 3175 fidem'faciunt
653 3103 754 3200 plura
766 3105 844 3178 loca
858 3106 950 3204 Agri
965 3103 1152 3203 Tigurini,
1166 3105 1201 3179 in
1224 3105 1303 3200 qui·

378 3199 446 3272 hus
491 3200 641 3291 cespites
680 3202 884 3277 bituminosi
917 3203 1143 3279 effodiuntur.
1197 3206 1304 3278 Circa

379 3299 515 3373 Lacum
535 3299 749 3373 Tbrlensem
769 3299 1029 3400 (DllrlrrSse),
1054 3305 1148 3376 circa
1166 3305 1303 3376 Lacum

381 3397 575 3486 Foliorum,
607 3394 645 3469 dr
667 3403 876 3495 praeprimis
898 3403 933 3473 in
964 3402 1168 3498 palustribus
1193 3402 1303 3494 pratis

379 3494 638 3592 Wangensrbus
666 3497 844 3572 hincinde
867 3499 1025 3595 supreme
1045 3501 1182 3573 Terrae
1204 3522 1301 3573 crus·

362 3595 364 3600 ’
381 3611 420 3664 ta
442 3612 517 3668 turn
534 3596 627 3668 levis:
638 3592 680 3669 dr
693 3598 807 3669 tenuis
821 3597 896 3684 est,
920 3615 958 3673 ut
975 3597 1021 3670 ad
1035 3596 1187 3696 fingulos
1206 3597 1303 3694 gres·

384 3690 440 3763 fus
463 3692 593 3764 titubes
612 3698 659 3764 ob
686 3697 852 3767 vacillans
875 3720 895 3767 a
917 3696 1075 3790 pondere
1101 3698 1303 3793 ingredien-

386 3789 432 3860 tis
450 3791 613 3882 Corporis
632 3793 775 3880 Solum;
799 3797 912 3889 Saepe
940 3793 1128 3872 &ibidem
1156 3796 1303 3871 forami·

385 3907 444 3985 ua„
451 3890 719 3986 conspiciuntur
730 3893 827 3992 aquis
841 3893 947 3990 plena
963 3894 1140 3974 maximae
1156 3891 1305 4066 prodfun-

1238 4012 1303 4070 rta-
