3300 5050
381 474 1205 636 adtafftfissdNssdun

380 724 464 776 ror.
503 699 635 795 pedum
663 694 944 796 profunditatem
970 721 1113 800 arenam
1136 695 1313 785 contiuo,

264 847 266 852 ·
373 800 439 878 bat
463 798 639 872 rotellam.
710 861 720 868 ..

419 899 463 971 In
481 889 710 995 Yurffifodinis
724 891 1048 992 Ruschsr’konenstbur
1071 891 1177 969 strata
1202 894 1298 967 Tur-

371 993 478 1071 sacea
510 995 555 1069 ad
585 1017 642 1070 12.
677 997 736 1070 vel
758 1018 814 1087 14.
844 995 988 1092 ,pedum
1012 990 1297 1096 profunditatem

374 1092 617 1177 extenduntur
629 1148 641 1183 ,
655 1090 830 1190 superiora
841 1094 957 1191 ,magis
971 1089 1191 1189 ponderosa,
1207 1092 1298 1167 den·

372 1196 430 1282 sa,
455 1191 690 1289 nigricantia,
717 1192 890 1286 bitumine
907 1188 1102 1289 copiosiore
1122 1188 1296 1282 referta,

374 1289 546 1365 inferiora
566 1288 662 1365 susca
672 1290 710 1363 in
726 1289 1063 1388 rubrumv'ergentia
1077 1289 1224 1370 leviora.
1251 1287 1297 1366 In

371 1389 429 1465 his
453 1413 524 1465 nou
548 1412 628 1462 raro
650 1390 813 1464 arborum
841 1390 945 1486 im'pr.¹
974 1387 1144 1466 Abietum
1174 1385 1297 1461 Trun-

370 1489 407 1562 ci
429 1486 693 1563 horizontaiiter
719 1487 919 1585 erpomed'si
948 1485 1186 1584 inveniuntur.⁴
1235 1487 1295 1560 In·

370 1584 427 1660 sra
441 1584 586 1666 [iratum
602 1584 823 1660 Tursaceu'm¹
842 1586 895 1660 est
909 1584 1123 1682 semipedale
1149 1582 1293 1659 circiter
1310 1609 1312 1613 ·

368 1684 516 1759 stratum
553 1684 690 1757 Terrae
731 1685 885 1760 levioris'
914 1686 1085 1759 calcariae
1126 1680 1299 1759 cinereae*

252 1840 255 1847 .
369 1779 586 1859 Cochleis&
604 1781 755 1856 Conchis
771 1783 890 1878 parvis
908 1781 1115 1879 paiustribus
1131 1781 1288 1878 plenum.

370 1883 442 1958 Sub
464 1880 532 1956 hoc
550 1903 655 1955 arena
682 1903 772 1977 quae
786 1888 913 1978 aquam
927 1880 1137 1957 transmittit¹
1163 1882 1181 1977 (
1200 1880 1231 1980 ).

422 1981 516 2055 Circa
541 1975 745 2081 Eglr‘sovr'am
773 1978 901 2053 humus
926 1980 969 2054 ad
998 2003 1030 2073 3.
1054 2000 1089 2070 5.
1116 1998 1176 2073 aut
1199 1981 1291 2053 ultra

367 2079 478 2177 pedes
501 2079 729 2168 extenditur,
752 2076 825 2153 sub
851 2076 894 2152 e'a
917 2082 1100 2155 concretio
1125 2074 1292 2153 Tosacea

368 2177 538 2268 mollior„¹
556 2176 753 2260 a'utdurior
770 2174 934 2251 Cochleis
952 2174 1196 2265 terrestribus,
1227 2193 1291 2250 aut

368 2276 617 2371 indigenarum
635 2276 797 2349 arborum
811 2272 934 2363 foliis,
966 2295 1027 2349 aut
1054 2273 1232 2351 muscosa
1260 2273 1290 2348 i-

367 2369 511 2449 ueratro
532 2394 729 2471 praegnans
755 2372 880 2454 decem
900 2372 944 2447 ad
965 2372 1158 2453 duodecim
1178 2298 1288 2468 pedes

366 2470 505 2565 crassa,
540 2469 602 2546 sub
623 2476 696 2558 hae,
710 2472 769 2545 vel
788 2470 944 2570 glareosa
969 2489 1065 2546 terra
1089 2492 1201 2568 aquae
1222 2494 1290 2568 per

368 2571 505 2646 Totum
524 2569 696 2647 deciduae
714 2575 856 2666 peruia,
880 2571 937 2646 vel
956 2593 1086 2668 parvae
1102 2564 1290 2742 sipeiunc'ae

366 2665 405 2746 ἃ
426 2670 623 2758 cavitates,
648 2670 705 2741 vel
722 2693 844 2766 marga
859 2668 977 2742 durior
993 2667 1032 2742 dr
1044 2692 1108 2742 ver
1122 2669 1244 2743 rcoldr.
1277 2676 1281 2682 '

414 2772 455 2844 In
473 2766 725 2862 Oruirrgenstum
737 2769 914 2864 lapidicina
922 2764 1027 2841 strata
1038 2764 1282 2843 huri'zontalia.

366 2869 595 2942 Laminarum
613 2867 670 2937 vel
693 2865 885 2939 stratorum.
906 2861 1071 2940 craffities
1088 2866 1132 2938 ad
1148 2865 1297 2947 duabus}

364 2966 467 3042 lineis
485 2966 528 3038 ad
547 2987 581 3041 a.
602 2965 747 3059 pollicer
773 2962 932 3067 augetur.
981 2960 1171 3060 Superiora
1192 2952 1298 3037 ruol-¹

365 3062 488 3153 liora,
505 3065 649 3155 [leviora
672 3061 749 3137 sere
773 3062 948 3136 Cretacea
977 3054 1015 3132 ἃ
1045 3060 1297 3159 Phytob'ibliis'

307 3205 310 3215 ·
364 3163 512 3238 referta.
534 3161 713 3263 ¹Interiora
726 3158 959 3258 profundiora
974 3154 1149 3263 densiora,
1165 3160 1282 3263 Coch-

300 3306 304 3314 ·
362 3260 527 3353 learurn,
572 3257 815 3335 Masculorum
841 3256 1065 3355 fluviatilium
1088 3254 1127 3332 dr
1148 3260 1281 3335 Lacus·

361 3363 498 3450 trium,
529 3356 680 3435 Piscium
700 3355 970 3456 indigenarum,
1001 3354 1216 3431 insessurum
1242 3381 1280 3431 a·

363 3457 587 3558 quaticorum
607 3457 762 3554 reliquiis
780 3454 981 3553 compressis
1001 3476 1071 3527 non
1093 3454 1172 3528 raro
1193 3458 1280 3529 con'·

361 3558 492 3654 spicua.
542 3552 854 3652 Perpendiculares
886 3549 1023 3628 fissurae
1057 3548 1096 3627 ἅ
1124 3554 1282 3666 parietes

1213 3675 1294 3726 lm·.
1360 3684 1363 3690 “

411 3791 459 3868 (u)
477 3789 563 3854 conf.
587 3789 754 3852 Scurucrrz.
776 3791 844 3859 Itiu.
863 3789 931 3873 Alp.
951 3787 1029 3856 vm.
1044 3804 1073 3867 p·
1096 3791 1161 3862 526·
1178 3783 1205 3849 dt
1222 3784 1294 3866 Hyr,

367 3869 561 3958 drognHelv.
578 3886 645 3952 pag.
664 3884 729 3948 312.
794 3954 797 3962 Ι
1128 3946 1131 3953 Ι
1195 3940 1198 3947 Α
1290 3915 1293 3924 .
