3300 5050
453 597 499 678 u
593 555 1250 681 Jou.onsnunus

453 767 640 866 pliliimum
669 768 797 840 Virum
832 766 878 838 D.
905 767 1105 861 Jouruurra
1135 766 1383 843 sannuncurt

454 868 686 941 Gnonovruu
704 865 805 937 Med.
830 867 875 938 D.
887 866 1095 937 Senatorem
1119 866 1383 943 Leidensem&

454 965 660 1061 primarium
677 964 787 1058 Belgii
805 964 1014 1036 Botarricum
1030 965 1156 1034 Helicir
1171 966 1383 1039 nominein·

455 1063 581 1161 signini
600 1063 664 1161 (a).
693 1061 770 1132 Has
787 1061 994 1134 Cochleas'a
1011 1061 1171 1144 ,Naurilis
1185 1061 1380 1160 distingue·

454 1186 494 1235 re
511 1162 623 1234 visum
640 1160 691 1234 est
706 1162 753 1232 ob
773 1158 922 1257 figuram
940 1158 1179 1232 lentisormem
1198 1215 1210 1250 ‚
1241 1158 1279 1234 δι
1303 1186 1381 1234 um-

454 1262 598 1335 bilicum
616 1260 676 1332 vel
700 1275 862 1331 centrum
888 1258 1034 1331 minime
1055 1257 1284 1352 depressum,
1319 1261 1382 1335 sed

454 1359 492 1433 in
510 1358 683 1431 nonnullis
706 1356 814 1430 etiam
832 1357 866 1430 in
883 1356 1048 1451 papillam
1062 1357 1278 1453 prominens.
1306 1360 1381 1433 Ac·

454 1456 551 1529 cedit
567 1478 732 1552 gyrorum
747 1476 912 1528 numerus
931 1455 1043 1527 multo
1069 1457 1182 1552 major
1208 1480 1313 1552 quam
1340 1459 1381 1533 in

454 1555 640 1643 Nautilis,
671 1550 711 1625 dt
732 1554 939 1649 magnitudo
961 1577 1086 1626 eorum
1110 1577 1232 1650 parum
1258 1558 1383 1631 versus

455 1654 591 1728 exitum
607 1654 836 1740 increscens,
867 1669 905 1724 ut
919 1651 1029 1724 etiam
1058 1670 1222 1748 apertura
1248 1654 1383 1730 orificii

396 1767 401 1789 ¹
456 1770 530 1824 tarn
543 1774 653 1847 parva
670 1748 730 1834 fit,
756 1770 796 1822 ut
808 1751 844 1822 in
861 1749 1042 1823 Foffilibus
1057 1749 1095 1825 ἃ
1107 1752 1380 1829 Marinisetiam

456 1848 645 1923 difficulter
660 1846 877 1921 observetur.
906 1848 982 1943 Ipsa
1000 1848 1251 1924 Testamarina
1267 1875 1287 1924 a
1302 1854 1378 1928 Cel.

455 1951 638 2023 Ptauco
661 1946 872 2020 describitur
896 1948 1042 2021 nomine
1062 1949 1165 2021 Carnu
1185 1952 1382 2025 Hammonis

455 2050 600 2122 Littoris
633 2043 849 2140 Ariminenstt
881 2049 998 2118 minus
1028 2049 1176 2143 vulgarit
1206 2053 1383 2124 orbiculati

446 2145 588 2245 striati,
616 2148 765 2218 umbilico
771 2147 997 2239 prominente,
1027 2145 1301 2246 exquastriat&
1314 2151 1387 2245 Lo·'

456 2249 639 2319 casamenta
654 2248 761 2317 omnia
787 2246 958 2338 prodeant:
983 2268 1066 2341 pag.
1095 2270 1151 2318 10.
1175 2247 1269 2321 Tab.
1291 2250 1319 2322 l.
1335 2244 1389 2323 Ε.·

455 2347 496 2418 F.
534 2344 862 2415 Gunurrunrns
895 2345 1069 2416 Nantilam
1092 2344 1183 2420 dixit
1209 2352 1381 2423 minimum

456 2442 541 2541 tosta
555 2438 739 2540 acutiffima
749 2445 957 2537 marginata,
969 2473 972 2478 ·
985 2446 1136 2517 umbilico
1152 2451 1381 2544 utrinquepro·

456 2550 599 2617 minante
617 2599 626 2631 ,
651 2568 672 2614 a
690 2559 800 2613 cantro
817 2543 862 2614 ad
876 2541 1176 2640 circumferentiam
1191 2543 1350 2641 striatam
1368 2601 1387 2637 ,

446 2636 853 2740 striirfinnastrinsteais,
876 2641 1089 2740 minatifflma
1102 2648 1316 2738 granulatur,
1336 2671 1386 2720 ex·

446 2741 546 2840 fusca
553 2738 687 2836 fulvida
702 2742 808 2811 ¹calare
824 2736 1167 2839 splendentam.·pag.
1195 2767 1250 2817 ro.
1284 2745 1381 2818 Tab.

456 2847 518 2928 19.
547 2842 591 2911 A.
637 2838 843 2910 Bnaruro
869 2839 998 2912 dicitur
1012 2833 1172 2926 Nauailar
1183 2845 1382 2918 orbiculatas

447 2938 617 3039 striatas.
649 2939 800 3008 umbilico
823 2941 1025 3030 prominente
1054 2942 1203 3034 arrigunt.
1232 2943 1255 3014 l:
1282 2964 1314 3019 c.
1340 2966 1378 3037 p.

458 3060 542 3127 191.
578 3035 697 3109 Moles
713 3037 871 3130 corporis
887 3035 1059 3127 minima,
1085 3037 1274 3112 interdum*
1289 3053 1386 3117 vero·

458 3136 567 3232 duplo
594 3150 655 3205 aut
675 3134 782 3228 triplo
798 3133 912 3228 major
931 3133 1111 3212 invenitur
1132 3161 1234 3234 quam
1262 3141 1383 3216 Cornu

456 3233 646 3308 Ammonis
663 3233 886 3306 Ariminense
898 3235 1063 3328 primum.
1095 3235 1315 3335 Candidrfflmi
1331 3264 1382 3313 aa·

459 3336 537 3407 laris
567 3330 644 3402 fere
667 3330 773 3420 instar
797 3333 1059 3428 margaritarum
1084 3335 1300 3428 splendentis
1319 3339 1382 3413 ba·

458 3434 563 3506 betur
581 3429 618 3501 in
640 3451 744 3504 arena
763 3429 901 3518 Sicula,
926 3454 1030 3525 quam
1048 3433 1221 3506 benevole
1237 3459 1382 3513 mecum

460 3526 740 3602 communicavit
755 3527 822 3600 Vir
840 3526 995 3618 Illustris,
1005 3530 1044 3603 N
1046 3530 1248 3605 obiliffimus
1262 3535 1382 3630 Eques

459 3628 506 3701 de
525 3628 582 3699 ΒΑ
594 3649 609 3697 r
622 3645 733 3699 ttou
751 3625 978 3698 Florentinus
995 3628 1113 3703 Musei
1131 3631 1380 3707 CaesareiFlo·

459 3726 597 3801 tentiae
611 3721 803 3814 Praeferri,
829 3743 874 3797 ex
894 3723 992 3821 cujus
1008 3746 1153 3824 qnoque>
1166 3729 1383 3808 liberalitate

460 3896 464 3909 ,
1189 3874 1195 3897 r
1276 3829 1380 3925 polli-

500 3935 544 4016 (ι)
569 3936 660 4005 urea
674 3908 880 4035 'supponam
893 3943 1049 4028 raptato.
1063 3940 1286 4026 urrunnun·
1302 3951 1381 4024 an:
