3300 5050
379 530 426 610 m
513 518 1166 630 JOH.GusNERUs

375 713 525 790 bitantis
542 714 699 789 animalis
710 710 900 803 dentes,&
916 714 1052 785 varium
1072 711 1292 791 ossiculorulii

376 829 501 909 genus.
539 815 579 885 ln
596 811 788 908 Insultatum
810 811 909 883 vario
927 834 1056 905 genere
1071 811 1195 885 eadem
1217 838 1290 886 ma·

376 907 514 983 nifesta.
587 912 625 982 ln
657 912 771 981 Cancri
797 905 839 990 ἐξ
867 907 1007 1002 Squillae
1041 910 1289 1002 speciminibus

373 1006 462 1079 meis
478 1007 614 1082 Schisto
631 1009 781 1080 calcario
796 1006 949 1080 candido
972 1002 1223 1081 Solenhofiensr
1248 1007 1288 1082 dt

375 1104 688 1200 Pappenheimensr
723 1102 891 1198 impressu
921 1124 1038 1199 partes
1063 1102 1210 1202 fingulas
1234 1108 1288 1202 ip·
1362 1100 1365 1104 ’

352 1204 517 1299 ¹samque
557 1202 665 1276 testae
713 1202 932 1299 granulosam
965 1201 1134 1276 fabricam
1168 1202 1288 1277 distin·

372 1316 471 1396 guo,
497 1299 662 1396 idemque
683 1318 784 1394 patet
800 1321 844 1372 ex
874 1299 1138 1396 exquisrtiffimis
1165 1302 1201 1374 T
1203 1304 1287 1375 abu·

371 1398 415 1470 lis
433 1398 640 1495 Knorrianis
661 1396 715 1493 (q)
741 1399 842 1492 supra
857 1399 994 1488 citatis,
1020 1396 1057 1471 δι
1080 1401 1207 1475 Bataui
1233 1397 1285 1496 (r)

371 1494 674 1592 Orydtograpbiae
710 1496 870 1569 Noricae
895 1498 1158 1592 Supplemento.
1211 1497 1286 1570 Mt·-

368 1618 482 1667 norum
506 1593 699 1690 Insultatum
720 1595 926 1667 Muscarum
951 1648 961 1681 ,
1005 1593 1286 1686 Libellularum,

368 1694 643 1765 Scarabaeorum
667 1687 815 1789 vestigia
832 1689 869 1763 dr
886 1711 1002 1785 partes
1034 1689 1204 1787 sanguim,
1225 1717 1285 1765 an·

235 1868 247 1877 ,
368 1806 515 1878 termas,
540 1790 684 1879 oculos,
708 1785 799 1875 alas,
818 1787 1283 1886 abdominisannulosquan·

368 1885 484 1983 doque
501 1888 536 1959 in
553 1885 691 1962 Schisto
708 1879 926 1983 Oeningensr
945 1884 1156 1983 detegimus.
1200 1891 1284 1961 Suc·

365 1985 449 2060 cino
471 1985 561 2058 vero
590 1986 664 2080 ipsa
695 1982 832 2057 Insedta
861 1984 1006 2058 servatis
1030 1980 1190 2057 omnibus
1215 1988 1283 2059 suis

365 2082 525 2180 partibus
548 2082 680 2158 inclusa
695 2082 1004 2177 deprehenduntur
1026 2134 1038 2171 ,
1065 2106 1105 2155 ac
1127 2081 1150 2154 sr
1175 2085 1283 2175 pello⁴

365 2182 447 2256 cido
477 2181 679 2256 innatarent
710 2180 847 2277 liquori.
901 2182 1100 2275 Lithophpta
1132 2181 1283 2274 denique

364 2279 502 2354 marina
517 2281 554 2353 in
575 2281 690 2353 Terra
707 2296 847 2372 reperta
866 2276 955 2350 adeo
971 2279 1189 2351 immutatam
1209 2280 1281 2353 sae·

363 2400 410 2475 pe
432 2377 529 2452 suam
544 2376 712 2451 fabricam
729 2367 983 2448 conservarunt
1003 2426 1015 2463 ,
1042 2394 1081 2447 ut
1100 2374 1120 2444 a
1140 2375 1283 2451 marinis

363 2478 428 2549 vix
449 2474 705 2574 distinguantur
727 2469 789 2547 nist
812 2474 904 2548 loco.
954 2471 1033 2568 ipsa
1058 2470 1206 2548 Corallia
1224 2499 1278 2549 ru·
1337 2498 1344 2508 ·

362 2577 429 2650 bro
450 2577 511 2649 suo
529 2576 650 2648 colore
676 2570 836 2670 infignita
854 2573 888 2646 in
914 2570 1279 2648 GotholandicisSco·

363 2675 454 2769 pulis
474 2673 713 2746 inveniuntur.
755 2671 877 2744 Italica
892 2694 978 2743 vcro
1000 2668 1038 2742 ἃ
1058 2667 1191 2743 Gallica
1208 2674 1279 2765 ple·

361 2792 510 2867 rumque
532 2770 704 2843 calcinata
726 2765 813 2841 sunt.
864 2769 1083 2854 Helvetica‚
1127 2768 1279 2845 Suevica

362 2868 402 2943 in
420 2867 571 2964 lapidem
590 2864 758 2941 conversa
770 2863 808 2939 dc
827 2863 1015 2940 substantia
1029 2863 1168 2961 lapidea
1185 2867 1278 2941 rudi·

359 2962 592 3065 quepersusa.

408 3062 525 3137 Posset
542 3066 650 3139 etiam
668 3061 712 3135 ad
727 3059 1004 3137 confirmandam
1016 3061 1277 3138 Tesbaceorum

361 3162 538 3237 Folsrlium
555 3160 747 3257 prosapiam
767 3160 953 3233 animalem
970 3160 1074 3246 addi,
1098 3162 1189 3255 quod
1211 3161 1275 3255 ipsi

362 3260 477 3336 morbi
496 3256 660 3344 divitia,
678 3259 802 3354 quibus
819 3258 885 3330 bae
903 3256 1031 3330 Testae
1050 3256 1203 3329 infestari
1221 3260 1274 3330 so·

362 3361 460 3447 lent,
477 3361 525 3431 in‘
537 3356 742 3453 petrificatis
759 3377 898 3452 quoque
917 3354 1145 3426 observentur
1160 3372 1219 3442 ‚ut
1236 3351 1275 3429 dc

362 3457 556 3532 Vermibus
581 3454 678 3529 erosa
699 3450 737 3525 dt
759 3450 973 3524 foraminosa
989 3444 1027 3520 ἃ
1052 3453 1271 3526 comminuta

360 3555 569 3643 videantur,
591 3549 629 3626 dc
648 3551 842 3650 quisquiliis
857 3546 962 3622 variis
978 3595 993 3636 ,
1008 3545 1159 3623 Eschara
1180 3551 1272 3623 aliis-

1201 3669 1273 3745 que

401 3787 461 3864 (q)
481 3789 552 3848 Loc.
569 3788 616 3846 cit.
634 3781 880 3846 Tab.V11.v111.

401 3865 457 3945 (r)
477 3865 610 3928 Norimb.
629 3877 711 3937 1730.
729 3876 757 3934 4.
777 3872 862 3937 psq.
882 3858 957 3921 Tab.
970 3856 1020 3918 ΙΙΙ.
1039 3854 1061 3919 s.
1076 3863 1106 3923 o.
1255 3904 1258 3913 ,
