3300 5050
389 567 519 665 'llo‘
610 543 768 681 Jo'm
842 567 1274 663 Gnsmssm

433 779 527 841 ¹llens
543 763 701 838 accrevit
722 784 781 855 90.
804 765 931 854 annis,
963 764 1001 840 &
1024 761 1143 863 augeri
1163 794 1244 843 eum
1272 791 1358 867 qum

437 866 493 937 ¹vis
517 884 612 935 anno
636 883 667 933 2.
687 864 744 934 vel
769 884 801 955 3.
830 865 1028 960 Orgyarum
1056 866 1253 941 latitudine.
1290 869 1357 957 'A-

435 961 511 1057 pud
541 964 639 1058 Slyte
663 957 699 1032 m
724 960 836 1057 Kyllis
858 961 894 1033 in
921 964 1044 1035 eadem
1065 960 1256 1046 Gotlandia
1278 967 1361 1040 suns

435 1058 603 1157 iuge-ntes*
626 1058 756 1155 lapides
778 1060 840 1154 qui
872 1061 1004 1157 templa
1030 1063 1127 1151 alta,
1168 1066 1359 1161 gigantes,

437 1156 594 1231 Cololsos
626 1157 871 1255 magnitudine
886 1156 945 1231 sua
978 1157 1157 1249 referunt,
1186 1159 1358 1235 excilita·

434 1277 519 1330 men
543 1256 713 1330 undarum
736 1256 773 1328 vi
796 1279 841 1328 ex
865 1275 965 1350 petra
985 1258 1171 1344 duriffima.
1207 1263 1363 1333 Montes

433 1350 605 1454 praecelli
636 1353 851 1427 Gotlandiae
876 1357 913 1426 T
913 1359 1122 1453 orsburgum
1151 1356 1359 1441 &How-

435 1477 522 1549 gum
549 1454 682 1531 habent
707 1454 815 1525 latera
838 1453 1146 1548 perpendicularia
1168 1478 1212 1530 ex
1240 1456 1363 1548 lapide

434 1554 610 1641 calcario,
633 1573 722 1649 quae
737 1565 860 1623 notata
880 1551 917 1625 ἃ
941 1572 1065 1625 cavata
1084 1556 1164 1629 sunt
1190 1575 1359 1648 aquarum

434 1652 582 1747 appulsu
597 1652 656 1724 illo
679 1668 841 1742 tempore
860 1700 873 1738 ,
909 1673 979 1746 quo
996 1654 1091 1725 Mari
1111 1652 1286 1725 submersa
1302 1650 1357 1746 ja·

357 1840 359 1845 .
434 1753 541 1822 cebat
568 1744 727 1840 universa
758 1748 950 1822 Gotlandia
980 1768 1121 1841 praeter
1149 1751 1250 1823 binos
1285 1748 1355 1821 hos

432 1850 610 1934 Montes,
635 1845 695 1941 qui
711 1845 829 1938 capita
847 1871 891 1919 ex
907 1845 1084 1941 profundo
1094 1849 1279 1945 erigebant
1292 1872 1355 1939 eo·

433 1948 519 2020 dem
531 1944 638 2017 modo
651 1942 850 2038 ¹eademque
866 1944 958 2018 facie
978 2001 989 2031 ,
1013 1970 1080 2041 qua
1092 1948 1166 2043 jam
1183 1964 1357 2040 apparent

431 2044 582 2117 Insulae*
596 2045 790 2117 Carolinae.
840 2044 884 2115 ln·
896 2044 1066 2118 altiffimis
1082 2047 1270 2118 Montibus
1286 2045 1358 2116 cal-

433 2144 540 2217 cariis
557 2165 667 2237 prope
689 2137 873 2213 Bolmfiam
885 2142 1045 2215 infinitae
1054 2142 1176 2239 jacent
1193 2142 1357 2214 Concha-

431 2262 512 2314 sum
529 2238 650 2312 testae.
688 2239 843 2313 Calcarii
864 2258 1002 2313 montes
1028 2240 1291 2314 Raetwicenses
1317 2238 1358 2315 δὲ

431 2340 554 2414 Dalici
580 2336 794 2409 concharum
818 2336 858 2410 in·
880 2356 1019 2431 petrum
1047 2337 1292 2412 conversarum
1313 2337 1355 2413 &

433 2438 713 2521 Orllmcerotum
735 2435 832 2530 pleni
847 2436 936 2508 sunt.
988 2437 1130 2510 Humus
1146 2438 1358 2530 Conchacea¹

432 2538 472 2613 in
491 2535 674 2632 llelsmg'ia
689 2533 865 2630 frequens.
891 2534 989 2609 Hinc
1008 2535 1203 2634 colligimus
1222 2536 1258 2608 in
1281 2539 1356 2609 Da·

431 2630 575 2708 lekarlia
600 2656 656 2706 20.
697 2633 899 2705 milliaribus
927 2657 947 2706 a
976 2636 1073 2708 Mari
1104 2654 1242 2706 remota
1259 2633 1357 2707 olim

432 2729 535 2805 fuiffe
556 2731 648 2824 ripas
665 2730 777 2803 Maris
791 2730 864 2802 imo
879 2732 981 2807 altius
1008 2730 1046 2806 ὅ(
1072 2733 1269 2832 ubicunque
1290 2731 1358 2806 tes·

387 2891 391 2897 ὁ
432 2847 550 2903 tarum
569 2829 750 2926 supersunt
772 2826 920 2932 vestigia

662 3021 862 3122 WdIfallas
878 3050 920 3099 ex
937 3049 1069 3121 aequore
1093 3025 1212 3102 Terras
1350 3060 1354 3067 ·

482 3127 532 3204 El
547 3126 658 3222 procul
674 3151 695 3197 a
717 3126 837 3220 Pelago
859 3128 1000 3198 Conchae
1009 3130 1145 3220 jacuere
1161 3131 1310 3201 marinae

483 3223 1354 3323 ElvetusinvenlaestinmontibusAnchorasummis.

433 3421 573 3498 Similes
596 3419 809 3493 mutationes
839 3421 929 3494 alvei
956 3418 1171 3495 &littorum
1193 3423 1230 3496 in
1256 3420 1355 3496 Mari

373 3559 382 3575 e
432 3523 559 3616 supero
581 3517 810 3590 observarunt
825 3519 876 3589 Cl.
894 3521 1082 3593 nomn
1107 3520 1159 3616 (s)
1186 3518 1223 3591 ἃ
1243 3521 1354 3614 Janus

433 3615 644 3694 PLANcus
670 3614 896 3688 Ariminenfis
918 3615 996 3713 (t).
1032 3617 1137 3689 Haec
1158 3618 1252 3689 alvei
1277 3642 1354 3691 mu·

433 3718 525 3792 tatio
552 3716 591 3788 fit
614 3713 834 3810 potiffimum
852 3735 897 3789 ex
923 3711 1064 3809 aggesta
1090 3716 1203 3789 Terra
1230 3716 1354 3788 Limo-

1278 3836 1352 3912 que

474 3947 517 4023 (s)
535 3947 556 4007 1.
577 3965 602 4006 c.
624 3965 651 4025 p.
670 3964 714 4022 15.

473 4025 515 4105 (t)
539 4025 586 4086 De
606 4026 732 4087 Concln's
750 4030 842 4089 minus
861 4027 947 4088 notis.
964 4041 995 4102 P·
1010 4034 1056 4097 71·
1072 4020 1100 4084 ἅ
1115 4037 1163 4102 22·
