3300 5050
391 575 438 665 78
502 558 703 665 .-JOH.'
752 556 1188 651 'assusatus

383 751 446 827 riis
464 800 479 840 ,
504 766 566 824 aut
585 749 723 824 misera
738 741 1003 851 impraegneris.
1042 750 1216 858 Quantum
1233 770 1311 838 enda

377 843 523 924 ‚neniam
545 873 617 923 cunr
641 846 893 946 Vegerabtlllus
918 850 961 939 δ’
989 855 1200 930 Animalibus
1225 862 1309 935 loro·

383 956 461 1022 rum
481 951 516 1019 iu
533 952 898 1043 quibus-leomianus,
930 967 990 1027 aut
1006 955 1134 1051 quibus
1156 956 1310 1035 allorum

385 1046 545 1120 locorum
571 1047 778 1142 corporibus
796 1050 972 1147 organicis
995 1049 1119 1126 nmilia
1139 1052 1219 1129 fruta
1258 1058 1308 1149 Bt

384 1170 430 1221 ea
460 1143 676 1241 potiffrmum
703 1144 966 1246 specialioribus
1000 1154 1170 1252 exemplis
1199 1155 1307 1231 Follis

382 1243 470 1321 lium
487 1242 761 1319 Heldeticorum
779 1240 937 1320 illttstrari
957 1244 1124 1343 poll'ent3
1159 1249 1307 1330 demum

382 1367 473 1419 vero
493 1345 589 1418 hisce
606 1342 790 1515 principiis
805 1344 1016 1444 conclnfiones
1029 1350 1067 1420 de
1086 1353 1183 1424 varia
1199 1350 1306 1449 perri·

373 1444 552 1541 ficarorum
568 1447 693 1541 origine
727 1442 996 1539 uperssroendae
1010 1444 1131 1522 clienta
1175 1451 1247 1525 Sed
1264 1453 1302 1528 in

379 1542 452 1617 boc
471 1562 545 1617 tam
560 1542 706 1637 copioso
722 1559 932 1658 argumento
946 1544 1093 1641 quisque
1110 1546 1213 1622 videt
1223 1572 1302 1625 rem

448 1642 500 1716 cis
514 1639 675 1737 expediri
694 1640 843 1715 minime
866 1640 985 1737 polie3
1009 1664 1121 1739 neque
1136 1650 1301 1721 veroin·

411 1740 539 1814 iturum
570 1739 676 1837 hujus
704 1738 895 1815 Tradimus
925 1741 1125 1835 permittit,
1168 1762 1207 1820 ut
1231 1746 1301 1821 bae

375 1839 461 1914 vice
477 1839 514 1913 in
532 1838 587 1911 his
601 1837 764 1912 omnibus
778 1839 981 1914 enarrandis
1004 1838 1106 1916 limus
1124 1842 1297 1939 proruto-

372 1955 443 2013 res.
493 1937 734 2041 Quamobrem
754 1938 834 2014 vela
850 1931 1109 2026 contrabimus,
1134 1962 1226 2039 quae
1249 1943 1295 2019 de

370 2036 428 2112 bis
440 2036 652 2133 exponenda
665 2034 797 2111 restant
811 2036 915 2111 alteri
923 2035 1099 2111 oecafiorri
1113 2039 1295 2115 reservam

370 2152 449 2226 tes,
473 2136 655 2231 primarias
669 2134 777 2207 modo
789 2130 1018 2230 propaſsiones
1032 2134 1298 2235 subjungimus,
1349 2222 1351 2225 ,

373 2236 489 2329 quibus
502 2238 599 2308 varia
615 2226 902 2331 Lapldcfallorum
921 2235 1091 2334 Corporum
1115 2238 1209 2333 origo
1222 2261 1296 2312 con·

370 2336 509 2406 linernr.

377 2484 381 2493 -
424 2453 457 2505 1.
484 2432 601 2505 Terra
615 2422 732 2506 nostra
746 2421 816 2504 iuis
840 2421 877 2503 in
900 2427 1102 2525 primordiis
1118 2448 1209 2529 aqna
1225 2433 1295 2507 eir·

370 2528 552 2621 cumfuse,
576 2529 757 2627 sphaerica
778 2528 846 2602 fuit
869 2525 907 2603 dr
928 2545 1028 2604 motu
1042 2529 1139 2604 circa
1153 2532 1235 2610 saio
1253 2550 1294 2607 ur

367 2622 568 2704 verosimile
581 2629 633 2704 est
647 2627 915 2702 destituebatur.

374 2778 381 2794 .
420 2750 453 2800 2.
478 2728 534 2801 Ex
548 2727 731 2800 rotatione
746 2728 840 2800 circa
856 2726 963 2814 axin,
987 2742 1052 2820 pro
1066 2715 1149 2814 iau,
1170 2728 1291 2819 mole,

366 2822 539 2900 densitate
545 2876 559 2915 ,
583 2823 714 2898 duritie
728 2825 827 2897 varia
842 2825 1018 2919 partium,
1035 2843 1138 2897 natae
1152 2823 1232 2903 suns
1252 2827 1291 2901 in

368 2919 553 3019 superlicio
583 2921 722 2998 Terrae
753 2922 1019 3019 inaequalitates
1050 2920 1089 2995 dr
1123 2921 1292 2998 diametri

364 3021 581 3120 Aequatoris
598 3018 791 3118 elongatio.
1246 3028 1252 3036 '

242 3135 245 3139 ’
418 3143 452 3216 3.
469 3121 626 3210 Fontes,
640 3110 966 3208 Flumina,Laeus,
983 3108 1289 3218 Marib‚Vege'ta·

363 3219 519 3307 biliam,
542 3218 807 3306 Animantium,
833 3217 1068 3291 Mineraliom·
1092 3236 1204 3291 omne
1224 3240 1292 3314 ge·

362 3338 451 3409 nus,
467 3320 618 3392 Montes
633 3317 746 3406 varii,
765 3313 1012 3410 Tempeiiates
1021 3310 1290 3392 Amnistarae&
1349 3376 1354 3381 .

361 3441 488 3513 uagae,
515 3419 683 3490 Meteora
702 3414 800 3491 varia
824 3431 908 3487 aute
928 3410 1115 3486 Dilutium
1143 3433 1290 3512 quoque·

226 3601 229 3607 ,
362 3518 586 3593 exstiterunt.

411 3639 447 3707 4.
473 3613 676 3688 Petrificara
691 3633 798 3686 verae
813 3607 893 3682 sunt
905 3604 1073 3702 reliquiae
1086 3604 1290 3707 Corporum

361 3713 592 3790 Naturalium
609 3712 870 3808 organicorum
890 3704 1011 3800 Regni
1032 3704 1208 3781 Animalia
1225 3709 1291 3789 vel

361 3811 608 3911 vegetabilis,
633 3808 673 3883 dr
699 3806 975 3898 omnitempore
998 3798 1075 3893 post
1097 3802 1292 3882 eonditum

359 3912 507 4004 orbem,
537 3924 625 3986 uate·
643 3905 859 3998 Diluvium,
884 3902 926 3980 iu
944 3896 1117 3992 Diluvio,
1141 3898 1185 3978 se
1203 3898 1291 4077 og?
