3300 5050
246 588 287 634 „
384 506 1186 656 75.Jom·ousucuos

380 741 579 836 aquatiniia
593 740 682 813 edaci
697 736 849 811 Vit'lriolo
870 755 971 812 totum
996 736 1205 835 adsumserut.
1226 746 1302 821 Ca.

378 841 568 914 rodominis
588 842 730 932 cutisque
748 834 881 931 asperae
897 839 970 909 licet
989 836 1032 921 ὃ
1048 840 1146 912 durae
1159 844 1300 937 pulpam.

380 942 470 1012 tibus
488 938 675 1009 viderentur
684 986 696 1023 ,
720 959 781 1007 non
798 952 906 1008 tamen
923 937 1039 1031 lapidis
1054 961 1092 1007 eu
1118 956 1191 1013 erat
1215 944 1304 1015 dori·

380 1039 469 1122 ties,
495 1033 559 1127 fied
586 1058 717 1107 corneae
739 1048 797 1104 aut
827 1036 1028 1128 unguium,
1065 1039 1165 1109 etiam
1187 1036 1304 1135 specie

318 1207 320 1214 s
369 1132 517 1231 suppar,
540 1137 652 1228 quippe
676 1156 754 1228 quoe
775 1136 879 1206 cultro
900 1134 1025 1207 cederet
1043 1130 1300 1237 scindiquepos·

397 1248 429 1305 t’i

427 1332 547 1403 Unum
570 1326 674 1400 restat
687 1324 724 1399 ἃ
743 1333 953 1424 praecipuum
970 1332 1297 1429 Anthropolitlrispe-

376 1423 480 1501 cimen
505 1431 540 1499 in
562 1422 685 1521 Sclislo
706 1426 905 1521 Oeningenfi
930 1428 1162 1527 impressum,
1195 1433 1292 1527 quod

378 1525 505 1599 eodem
526 1525 634 1596 modo
665 1525 716 1596 uti
739 1524 853 1597 Pisces
883 1528 976 1599 inter
999 1526 1181 1600 Scissslium
1210 1531 1296 1624 lapi·

370 1614 461 1697 'dum
477 1621 582 1695 strata
598 1622 762 1695 Mumiae
778 1622 881 1695 instar
890 1624 1135 1698 conservatum
1150 1623 1295 1701 &com-

374 1720 526 1820 preffum
541 1722 725 1793 inventum
741 1719 821 1792 fuit.
863 1722 1097 1795 Pereximium
1121 1723 1192 1797 hoc
1208 1728 1297 1798 Μο·Ι

375 1840 583 1893 numentum
598 1818 671 1911 ipse
688 1817 855 1891 Poffeffor
872 1822 1148 1910 CeleberrimuS,
1173 1821 1291 1897 noster
1380 1862 1382 1865 ·

374 1919 473 2015 Jou.
508 1919 706 2014 Jteoncs
746 1918 1108 1993 Senuocnzenus
1141 1944 1222 1993 cum
1254 1924 1292 1997 in

373 2016 475 2089 Actis
490 2015 651 2110 Angticis
669 2011 1073 2106 &Vratislavienfibus,
1091 2038 1164 2089 tum
1176 2020 1210 2090 in
1229 2043 1291 2114 pe·

373 2113 495 2187 culiari
512 2114 750 2187 differtatiooe
770 2114 1027 2187 accuratiffime
1053 2114 1229 2210 descripfit
1253 2116 1292 2193 &

371 2214 481 2285 leone
499 2210 684 2285 illustravit
706 2207 773 2307 (a.)
800 2215 875 2283 Non
894 2211 1010 2307 adsunt
1035 2216 1291 2309 lic'generoliu,

369 2312 422 2385 ita
437 2309 568 2382 habent
591 2309 670 2405 ejus'
686 2310 817 2394 verba,
850 2313 1003 2403 quaedam
1022 2308 1064 2393 Β
1088 2312 1220 2407 obscuro
1250 2318 1289 2387 li-

368 2425 563 2497 neomenta,
588 2432 629 2479 eu
646 2410 759 2501 quibus
769 2404 937 2502 foecunda
961 2412 1154 2504 imaginatio
1182 2413 1288 2507 Caput

371 2504 541 2603 effingat,
564 2504 628 2602 sed
647 2522 759 2600 portes
781 2532 859 2600 quoe
891 2511 1043 2603 portibus
1071 2510 1198 2604 Capitis
1218 2531 1288 2586 tam

318 2673 329 2681 ..
361 2604 444 2703 sunt
454 2606 603 2699 smiles,
627 2629 719 2699 quam
740 2628 834 2677 onum
849 2630 938 2678 ouo:
965 2611 1027 2680 imo
1047 2610 1126 2702 quod
1138 2611 1214 2704 plus
1240 2610 1287 2708 esl

366 2707 612 2777 admirationem
620 2701 722 2794 fimul
733 2728 855 2797 augens
873 2702 915 2787 Β
932 2709 1156 2778 certitudinem
1173 2762 1183 2794 ‚
1203 2709 1287 2804 sunt

365 2819 480 2898 partes
497 2800 585 2896 ipsae
605 2798 639 2870 in
661 2803 763 2896 lapide
780 2800 965 2898 conspicuae
980 2827 1041 2875 non
1059 2807 1199 2899 ejusdem
1214 2832 1287 2881 cum

281 2941 284 2947 ·
368 2903 473 2995 lapide
493 2899 559 2993 ipso
578 2896 806 2994 substantiae,
822 2898 886 2996 sed
904 2899 1047 2996 diuersae
1063 2899 1104 2984 Β
1118 2908 1218 2997 quoad
1236 2931 1287 2979 co·

368 3002 462 3071 locem
477 2996 637 3092 &quoad
645 2994 854 3092 soliditatem
871 3003 932 3071 imo
952 3023 1028 3072 vero
1052 2998 1174 3098 Offlum
1206 3005 1285 3078 Cra·

366 3102 415 3170 nii
436 3094 478 3180 Θ
499 3097 738 3169 Vertebcarum.
791 3098 879 3169 Addo
895 3097 1079 3192 quodfidem
1091 3098 1282 3197 pene'supe.

367 3213 445 3283 rut,
471 3197 622 3269 Pettium
640 3197 841 3284 molliorum,
867 3197 998 3269 Cerebri
1014 3252 1023 3284 ‚
1056 3195 1288 3294 Musculormn.

364 3298 529 3389 reliquiae
542 3295 734 3366 induratae?
780 3295 826 3366 Et
857 3293 955 3386 cufim
978 3297 1099 3384 dicere,
1123 3320 1184 3369 non
1199 3296 1282 3395 fore

363 3398 570 3490 quempiam,
601 3396 654 3485 qui
672 3393 851 3487 hujusmodi
874 3395 1059 3487 Lapidem,
1093 3419 1153 3467 uon
1176 3398 1282 3470 dicam

362 3509 520 3582 attente,
544 3489 609 3587 sed
628 3493 799 3563 uelobiter
817 3489 1024 3586 adspeourir‚
1056 3495 1110 3584 qui
1137 3516 1198 3565 non
1220 3515 1283 3590 pro

364 3615 438 3663 uero
452 3592 683 3666 Inundationis
709 3589 909 3662 Diluvionae
926 3584 1066 3688 octiduo
1081 3587 1121 3675 dt
1143 3597 1289 3687 agnitu.

364 3713 432 3762 tus.
479 3690 543 3760 Sed
552 3683 747 3786 satisfaciet
769 3712 886 3787 quoque
915 3682 1110 3784 rurifflmum
1131 3690 1187 3764 hoc
1205 3694 1280 3765 Ne.

1224 3803 1277 3870 tu·

325 3938 327 3941 ψ
403 3896 448 3979 (a)
466 3897 565 3964 nomo
579 3895 692 3962 Diluvii
705 3897 791 3962 testis.
811 3900 878 3975 Tig.
895 3902 978 3977 ¹12⁶·
992 3911 1021 3974 4.
1043 3915 1068 3962 c.
1080 3902 1122 3967 lu
1149 3912 1173 3965 .’
1209 3909 1215 3983 j
