3300 5050
450 592 500 654 w
585 570 740 672 pom
806 568 1247 647 ousuonua

450 781 528 833 rum
556 752 714 847 Clall‘es,
747 755 913 843 Genera,
950 749 1095 850 Species
1117 806 1130 844 ,
1155 750 1362 827 Varietater

450 855 700 931 determinare.
749 854 957 928 Primarium
982 853 1062 926 sane
1088 851 1360 928 fundamentum

450 953 554 1049 hujus
576 952 825 1027 distributionis
841 951 1033 1047 petendum
1050 950 1117 1025 erit
1133 971 1177 1023 err
1196 950 1268 1045 ipsa
1291 946 1360 1021 dif-

450 1049 605 1126 ferentia
621 1051 793 1145 -Corporir
825 1050 923 1148 cujus
949 1050 1149 1143 exemplum
1177 1047 1360 1134 referunt;

450 1149 605 1244 reliquae
624 1170 711 1221 vero
729 1146 974 1238 differentiae,
1000 1148 1205 1222 innumerae
1219 1169 1309 1244 quae
1323 1169 1360 1218 a·

449 1246 522 1344 pud
542 1245 715 1321 Audlores
730 1256 1003 1343 proponuntur„
1020 1269 1064 1318 ex
1081 1247 1178 1319 varia
1192 1244 1375 1339 mutarim

450 1366 517 1433 ne,
543 1344 682 1420 miscela
691 1361 704 1436 3
729 1344 871 1444 colore,
895 1347 974 1418 loco
991 1345 1137 1442 aliisque
1153 1342 1362 1418 adventitiis

448 1441 559 1517 causls
585 1462 690 1519 natae
718 1442 762 1517 ad
786 1443 976 1517 varietates
1004 1441 1240 1528 referendae,
1275 1453 1360 1536 qua·

450 1563 529 1614 rum
549 1541 731 1636 primarias
758 1541 1042 1637 praetermittere
1064 1563 1136 1612 non
1160 1538 1360 1635 pollumus,

450 1663 532 1712 cum
557 1638 601 1712 ad
626 1636 856 1712 illustrandam
879 1638 1003 1713 horum
1032 1660 1220 1733 corporum
1251 1636 1361 1735 origi·

449 1759 535 1812 nem
564 1736 753 1830 plurimum
768 1735 889 1809 facere
906 1737 1103 1810 videantur.
1182 1782 1186 1790 ·

435 1919 437 1926 ¹
500 1833 683 1907 Exhibent
704 1834 906 1908 Petrificata
934 1836 1163 1930 Vegetabilia
1192 1836 1250 1908 vel
1272 1833 1361 1908 Ani·

449 1934 553 2007 malia
570 1933 734 2029 integra,
748 1934 806 2006 vel
827 1955 950 2005 eorum
966 1932 1089 2007 saltem
1104 1951 1241 2027 partes:
1268 1931 1362 2007 Nas-

450 2050 579 2121 cuntur
605 2031 724 2127 itaque
745 2030 837 2105 duae
862 2028 987 2104 claffes
1012 2032 1216 2128 principes,
1247 2033 1361 2126 prima

450 2129 730 2205 Petrificatorum
754 2129 1050 2223 vegetabilium,
1087 2131 1197 2202 altera
1211 2130 1359 2222 Anima·

448 2228 563 2316 lium,
589 2226 647 2298 illa
672 2222 900 2322 Phytalmios,
934 2226 1023 2300 haec
1043 2228 1203 2301 Zoolirbos
1233 2227 1361 2300 consti·

317 2393 323 2405 ,
449 2342 576 2412 ruunt,
594 2322 632 2396 ἃ
654 2324 688 2395 in
702 2326 818 2397 varios
834 2321 964 2398 deinde
985 2325 1304 2423 ordines‚genera,
1320 2325 1360 2401 dc

448 2423 584 2519 species
604 2421 891 2513 subdividuntur,
921 2446 1068 2521 quorum
1087 2427 1231 2498 brevem
1252 2446 1359 2520 quan·

448 2526 532 2599 dam
548 2523 665 2597 ideam
684 2521 741 2593 hic
761 2520 972 2620 subjungere
992 2526 1113 2615 lubet,
1140 2548 1229 2624 quae
1245 2525 1361 2620 Tyro-

448 2623 553 2697 nibus
568 2619 683 2693 Studii
708 2621 928 2717 Lithologici
954 2620 1095 2695 facilem
1117 2625 1161 2697 ad
1184 2623 1358 2721 coguitio-

447 2741 531 2793 nem
550 2718 676 2790 horum
691 2717 848 2813 lapidum
867 2721 963 2794 viam
982 2721 1192 2818 suppeditet.

521 2878 523 2883 ’
651 2912 948 3000 creor
1030 2915 1166 2999 vrrr.

497 3124 678 3221 Phytolirhi
706 3126 879 3200 Lurnro
900 3123 1111 3223 Lithophyti
1130 3126 1215 3202 dieti
1235 3182 1248 3222 ,
1283 3134 1361 3207 sunt

448 3222 653 3301 Petrificata
705 3224 945 3321 Vegetabilia.
1028 3227 1167 3301 Horum
1208 3232 1360 3324 amplam

450 3319 600 3396 Clallem
616 3319 814 3417 collegit&
829 3323 989 3419 exposuit
1006 3325 1257 3399 celeberrimus
1275 3385 1285 3417 ,
1325 3330 1359 3422 J.

361 3482 366 3488 .
450 3421 542 3516 Jrc.
584 3420 949 3496 Seneucrrzertus
990 3420 1059 3516 (p)
1087 3420 1122 3491 in
1148 3423 1262 3515 prima
1287 3426 1360 3500 edi·

450 3515 550 3590 tione
565 3514 733 3589 Herbarii
755 3518 966 3606 Diluviani‚
991 3540 1069 3590 eam
1087 3516 1215 3596 deiude
1239 3521 1360 3596 secun·

447 3613 539 3690 dum
562 3613 759 3711 plantarum
784 3614 992 3691 methodum
1023 3615 1360 3699 Tournefottiauam

489 3805 547 3888 (y)
565 3808 666 3886 Tiguri
681 3825 763 3886 1709.
780 3813 833 3876 fot
1298 3739 1361 3793 ex·
