3300 5050
375 537 671 638 p.Jom
746 531 1176 620 aramenus

370 723 421 796 tis
437 717 588 793 refertos
608 718 824 812 disrumpens
846 713 886 790 dt
905 719 1135 808 examinans,
1169 743 1297 799 verum

370 820 410 895 dt
427 820 604 916 integmm
627 817 845 889 Orthoceras
874 817 934 887 vix
957 818 1141 888 alteratum
1167 819 1296 915 depre-

351 916 515 1003 hendit,
541 917 710 1011 exiguum
730 916 811 986 illud
829 913 971 1008 quidem
995 918 1056 987 vix
1080 912 1125 1005 5*
1143 917 1295 1013 longum

368 1013 410 1089 dt
431 1016 469 1087 in
485 1012 554 1086 basi
569 1035 639 1085 non
660 1013 751 1084 ultra
773 1012 956 1084 dimidiam
973 1011 1101 1085 lineam
1124 1014 1295 1107 crassum»,

368 1131 486 1186 totum
505 1136 549 1186 ex
564 1111 765 1205 sphaerulis
779 1106 872 1205 quasi
887 1132 1085 1183 connexum
1104 1114 1293 1203 concavis,

368 1234 460 1308 quae
474 1231 586 1305 parvo
607 1208 780 1280 fotamine
800 1206 840 1280 ἃ
854 1208 975 1279 osculo
988 1212 1188 1303 prominulo
1201 1212 1238 1283 in
1253 1212 1293 1285 se

370 1310 512 1382 hiantes
529 1310 572 1381 ab
598 1305 702 1396 apice
717 1307 800 1378 coni
825 1304 871 1377 ad
898 1304 990 1377 basin
1015 1309 1189 1403 gradatim
1214 1332 1291 1382 ma·

366 1406 462 1504 jores
482 1403 520 1481 dt
542 1406 578 1478 in
601 1404 694 1476 linea
713 1402 809 1476 reeta
836 1401 969 1495 positae
990 1403 1079 1477 sunt.
1133 1408 1292 1479 Orthoce·

366 1529 425 1578 ras
447 1508 591 1576 nontinar
613 1499 700 1596 quast
724 1526 765 1573 es
790 1503 931 1594 globulis
962 1501 1162 1597 cornposttum
1189 1560 1199 1592 ,
1238 1505 1292 1598 fi·

365 1605 524 1699 phunculu
538 1625 635 1673 axem
655 1601 841 1693 transeunte
852 1603 1069 1694 perminutum
1077 1600 1192 1697 foffile
1207 1600 1259 1700 (r)
1272 1628 1290 1691 ‚⁰

365 1718 509 1796 praeter
525 1700 614 1771 hanc
636 1695 674 1769 ἃ
696 1699 800 1770 aliam
824 1698 988 1791 Speciem
1012 1702 1145 1793 reperit
1167 1703 1290 1777 Ortho-

366 1822 459 1871 ceras
466 1794 625 1893 striarum
641 1800 804 1891 exiguum.
837 1795 907 1869 Sed
922 1796 1010 1869 haec
1025 1798 1097 1894 ipsa
1112 1797 1289 1875 Testacea

276 1940 280 1950 ·
362 1894 625 1982 Eruditiffimus
636 1894 715 1968 Vir.
729 1896 776 1966 D.
790 1895 897 1989 Janus
914 1894 1035 1967 Prii
1046 1918 1124 1968 cus
1141 1894 1191 1993 (r)
1203 1897 1287 1970 Ari-

365 1993 559 2080 minensrs‚
591 1993 650 2087 qui
676 2015 746 2064 non
769 1992 885 2064 minus
912 1992 1143 2082 Anamares,
1179 2016 1287 2088 quam

365 2091 562 2167 Historiam
580 2092 776 2163 naturalem
790 2091 977 2183 praeclaris
993 2092 1146 2165 inventis
1164 2112 1286 2189 auget,

365 2190 427 2263 diu
442 2209 544 2279 ante,
569 2212 672 2285 quam
692 2187 760 2283 ipsi
778 2188 964 2284 quicquam
980 2189 1025 2262 de
1053 2192 1104 2261 Cl.
1124 2192 1284 2265 anrrtrr

366 2287 636 2361 Orthoceratite
650 2287 874 2372 innotuerat,
898 2286 935 2360 in
952 2308 1056 2359 arena
1075 2289 1211 2361 marina
1225 2289 1283 2363 lit·

365 2387 453 2459 toris
470 2383 728 2471 ariminensis,
765 2405 833 2455 una
853 2404 933 2457 cum
949 2384 1106 2479 pluribus
1129 2387 1204 2459 aliis
1228 2410 1285 2460 ra.

364 2484 499 2559 riffimis
525 2484 680 2557 nondum
720 2480 903 2574 descriptis
942 2482 1103 2558 testaceis
1136 2485 1285 2560 marinis

363 2583 526 2670 detexit,
551 2578 756 2674 descripsit,
783 2578 821 2653 dt
841 2582 1011 2655 accuratis
1030 2584 1193 2656 leonibus
1219 2607 1281 2660 ex·

361 2681 502 2778 pressit,
529 2682 676 2772 primum
696 2679 836 2774 quidem
854 2681 1000 2752 nomine
1023 2681 1126 2752 Cornu
1149 2685 1280 2755 Ammo·

363 2785 418 2852 nis
442 2783 535 2853 oresti
560 2775 731 2873 lusoiffimi
745 2776 899 2870 filiquum
925 2778 1107 2851 Rudiculue
1136 2779 1282 2875 referen-

364 2882 442 2966 tis‚·
475 2878 625 2950 alterum
646 2873 707 2967 ipfi
726 2875 775 2948 est
797 2878 901 2947 Cornu
922 2877 1090 2948 Ammonis
1114 2883 1281 2969 ereetum,

353 2975 542 3074 striarum,
566 2972 717 3069 filiquum
742 2973 897 3066 Raphani
923 2971 1069 3068 referens
1095 2974 1172 3074 (t).
1208 2978 1279 3051 Or·

363 3074 522 3146 thoccras
541 3075 704 3148 nimirum
734 3071 938 3166 srphunculo
956 3095 1058 3145 axem
1081 3074 1283 3150 transeunte

362 3172 478 3245 subito
494 3172 721 3253 decrescens,
746 3169 906 3241 thalamis
928 3172 1153 3265 ampiioribus
1170 3198 1278 3269 rugo·

361 3268 437 3344 sum
459 3271 649 3344 candidum
689 3268 981 3343 Guutrrsnrr
1020 3269 1096 3345 Ind.
1135 3271 1274 3346 Testar.

1178 3369 1273 3445 Tab.

399 3547 440 3626 (r)
460 3550 548 3626 Epist.
565 3549 608 3608 Cl.
628 3549 758 3608 Burrum
776 3549 812 3606 ad
826 3548 923 3607 Celeb.
940 3549 964 3626 J.
981 3549 1131 3607 Purucum
1148 3549 1270 3614 Arimin.

360 3625 391 3685 in
407 3627 497 3685 Mem.
515 3627 543 3684 di
558 3625 772 3684 Valentuomini
787 3642 814 3698 p.
834 3630 895 3696 184.
910 3624 956 3700 fig.
972 3625 1007 3683 A.
1023 3627 1057 3682 B.
1074 3625 1153 3683 &D.
1173 3627 1206 3686 C.

397 3703 438 3777 (s)
458 3703 493 3760 dc
513 3703 638 3761 Conchis
654 3705 745 3793 minus
759 3701 837 3760 notis
852 3702 949 3762 Liber.
963 3702 1067 3769 Vener.
1091 3717 1173 3784 1339.
1192 3719 1219 3776 4,
1240 3720 1275 3786 p..

363 3780 503 3933 ”iiiii
517 3781 711 3939 insistat.
731 3855 754 3913 1.
773 3868 803 3925 n,
815 3854 873 3925 un
