3300 5050
411 590 488 662 :124
569 557 1218 691 'J'O'Ht'GE'SNERUS

555 745 910 848 'CAPUT
991 762 1151 848 XlX.⁴

447 960 489 1031 In
516 956 584 1030 hac
615 978 732 1032 autern
760 958 962 1055 quaestione
993 957 1038 1033 de
1066 958 1315 1034 recedentibus

399 1059 495 1153 aquis
509 1057 646 1129 Oceani
665 1058 840 1132 dubitatio
850 1061 983 1147 oritur,
1004 1055 1146 1152 quorsum
1158 1058 1316 1152 immensa

400 1154 489 1227 haec
511 1178 664 1247 aquarum
691 1161 805 1252 cupio,
851 1179 940 1251 quae
970 1154 1126 1240 Insulas,
1167 1159 1317 1229 Montes

398 1252 549 1324 Terram
560 1258 802 1327 continentem
816 1254 1020 1340 denudant,
1044 1255 1172 1325 tondent
1186 1269 1316 1347 recepta

391 1349 452 1444 fit.
504 1348 575 1422 Etsi
592 1351 674 1424 lruic
693 1352 789 1425 nodo
805 1352 961 1451 plenarie
980 1352 1148 1427 solvende
1170 1374 1228 1423 me
1251 1352 1317 1423 rni-

289 1490 293 1496 ·
398 1470 466 1521 nus
487 1471 607 1544 parem
623 1450 829 1546 agnoscam,
855 1474 925 1523 non
950 1450 1073 1524 desunt
1091 1463 1208 1522 tamen
1225 1449 1315 1521 varii

354 1622 356 1625 .
397 1546 498 1619 modi
518 1549 642 1643 quibus
667 1548 703 1620 id
734 1548 808 1622 sieri
830 1546 978 1644 potuisse
999 1547 1216 1641 intelligitur.
1269 1547 1316 1617 Et

398 1646 435 1718 in
460 1646 514 1717 his
541 1646 694 1718 maxime
719 1649 899 1739 probabile
918 1646 1004 1718 mihi
1027 1647 1187 1731 videtur,
1213 1641 1314 1716 fuisse

398 1744 437 1816 in
452 1744 678 1816 interioribus
695 1745 803 1818 Globi
814 1746 850 1816 T
851 1745 1009 1840 erraquei
1027 1753 1162 1816 meatus
1173 1739 1211 1815 dt
1227 1740 1315 1815 stnus

398 1844 524 1939 quibus
541 1840 727 1914 successive
745 1866 808 1936 per
829 1841 936 1939 ipsam
954 1846 1026 1915 vim
1042 1863 1226 1938 aquarum,
1252 1860 1317 1936 per

402 1943 538 2015 Terrae
555 1959 669 2011 motus
684 1941 859 2013 similesve
873 1942 987 2014 causas
1003 1942 1133 2035 apertis
1147 1962 1236 2036 aqua
1253 1941 1312 2011 ab·

399 2042 519 2132 sorpta
535 2036 650 2109 suerit.
704 2041 821 2136 Atque
842 2038 964 2111 horum
983 2038 1112 2112 sinuum
1128 2034 1318 2135 productio

400 2162 448 2212 ex
474 2134 579 2209 causis
602 2135 750 2232 phyficis
769 2137 806 2211 dt
822 2138 1037 2212 mechanicis
1061 2135 1161 2210 reddi
1182 2133 1316 2225 pollet,

400 2239 459 2310 vel
478 2261 498 2308 a
513 2236 707 2309 Chaoticae
718 2233 756 2308 dt
768 2257 858 2333 aqua
875 2237 1112 2311 circumdatae
1125 2231 1163 2308 ἃ
1174 2232 1316 2306 hetero-

354 2407 355 2412 ,
401 2335 504 2432 genis
520 2333 630 2403 malus
646 2333 860 2429 compositae
881 2334 1016 2406 Terrae
1034 2333 1146 2425 prima
1165 2332 1316 2404 circum·

342 2456 345 2471 ·
401 2434 580 2506 rotatione
606 2432 640 2503 in
667 2432 852 2507 efficienda
871 2434 1008 2505 dierum
1025 2428 1062 2512 dt
1081 2427 1237 2504 nostium
1261 2430 1316 2503 vi·

399 2531 620 2616 ciffitudiue‚
645 2531 683 2606 dt
697 2533 777 2605 inde
801 2556 866 2626 pro
891 2555 1077 2624 corporum
1099 2527 1203 2602 malla
1224 2529 1314 2602 cres·

402 2632 567 2706 centibus
589 2630 721 2705 viribus
740 2630 967 2728 centrifugis,
997 2623 1316 2704 &montesdtval

400 2731 455 2803 les
480 2727 517 2800 dt
541 2749 680 2821 cryptas
705 2731 1001 2823 producentibus,
1025 2730 1083 2801 vel
1106 2729 1150 2799 ab
1173 2725 1316 2820 ignibus
1398 2738 1399 2743 ’

397 2829 566 2924 ingentes
582 2827 690 2899 bullas
706 2823 973 2900 efformantibus
990 2824 1075 2920 (x).
1127 2824 1196 2895 Sed
1215 2826 1315 2896 nolu·

400 2949 479 3000 tuus
499 2924 722 3016 Hypotheses
738 2924 864 2998 fouere
880 2924 936 2996 vel
956 2921 1198 3017 multiplicare.
1233 2923 1313 2994 No·⁴

402 3025 460 3096 bis
471 3018 597 3093 sufficit
615 3022 792 3096 Mundum
813 3023 908 3096 lrunc
923 3019 1192 3114 Omnipotentis
1209 3022 1313 3093 Crea-

402 3122 489 3193 toris
508 3140 614 3208 uum,
641 3123 751 3194 verbo
776 3123 888 3195 Frnr
915 3119 1121 3218 produdlum
1143 3114 1212 3190 elle
1226 3171 1239 3209 ,
1264 3139 1316 3192 at·

403 3244 472 3316 que
490 3242 567 3294 eam
582 3220 656 3316 ejus
672 3219 842 3293 fabricam
862 3223 1033 3316 optimam
1053 3217 1122 3293 elle
1144 3217 1187 3288 ad
1210 3239 1314 3312 prae·

401 3318 495 3393 visos
510 3319 531 3390 b
547 3318 663 3390 DEO
678 3317 788 3406 fines,
813 3318 984 3391 naturales
1001 3339 1086 3390 vero
1103 3316 1316 3389 mutationes

401 3441 492 3513 quae
516 3417 683 3510 deinceps
707 3417 743 3488 iu
769 3417 903 3489 mundo
920 3417 1150 3511 contigerunt
1176 3412 1314 3508 legibus

401 3513 553 3614 physicis
580 3512 619 3585 dt
653 3515 867 3586 mechanicis
904 3513 1059 3587 obedire.
1114 3510 1168 3581 Ex
1196 3511 1342 3584 obviis·

401 3612 658 3709 phaenomenis
685 3615 802 3685 causas
834 3613 1067 3685 mutationum
1098 3606 1314 3701 colligimus,

401 3712 485 3784 dum
501 3709 608 3783 hodie
615 3709 772 3804 plurimis
783 3709 820 3780 in
835 3711 922 3782 locis
931 3705 1121 3783 immensae
1137 3708 1315 3801 magnitu-

401 3812 457 3888 uis
479 3825 576 3880 antra
607 3811 644 3880 in
671 3808 806 3879 'l'errae
836 3807 1060 3883 interioribus
1086 3802 1312 3973 detegimup,

1230 3925 1265 3979 ru
1293 3923 1314 3986 e

437 4004 487 4090 (x)
505 4002 648 4067 Laurus.
667 4004 837 4083 Protogaea.
854 4019 885 4086 p·
899 4007 943 4076 6.,
