3300 5050
361 579 1170 696 surrou*uruuruus

361 787 406 859 ab
422 769 519 876 a'q'ui's
536 765 640 852 allata
657 790 722 878 p'ro
740 766 838 852 varia
853 761 1030 875 g'tavitate
1050 764 1214 872 spetifica
1235 767 1287 853 ars

361 879 511 955 fundum
536 877 717 971 deponent
742 900 847 972 atque
880 879 973 949 hunc
998 878 1034 948 iu
1064 878 1220 978 modum·
1235 878 1294 972 ab¹

348 976 652 1072 'inundationibus
670 977 877 1070 partialibus
895 972 1097 1072 petrifiate
1128 974 1281 1048 forman·

364 1095 423 1149 tur
441 1073 615 1162 Piscium,
643 1072 885 1164 Conchatum3
904 1072 1138 1149 ¹Coehlearum
1155 1073 1194 1147 ἃ
1216 1075 1282 1144 Fu·

362 1176 514 1263 liorem,
533 1194 622 1267 quae
638 1172 711 1267 ipsa
736 1173 853 1268 Regio
872 1170 1059 1268 producit,
1082 1172 1134 1245 uti
1157 1172 1192 1245 in
1211 1172 1284 1244 0e⁴

363 1269 614 1369 ningensrbus,
639 1270 674 1343 iu
694 1269 972 1369 Berliugensrbus
994 1270 1135 1342 accidit.
1188 1272 1284 1343 Dum

364 1394 454 1444 vero
473 1392 537 1464 per
558 1356 745 1440 interualla
760 1354 950 1461 aquaesstua'
960 1357 1283 1461 'litt‘ora‘transgre

365 1468 510 1566 diuntur
528 1465 701 1566 majorum
722 1466 831 1559 etiam
847 1466 1033 1559 stratorum
1042 1465 1194 1558 uarietas
1213 1461 1285 1536 nas·

365 1560 459 1640 citur
478 1556 516 1637 ἅ
534 1564 647 1660 major
664 1563 830 1638 testarum
855 1567 958 1661 copia
983 1565 1018 1637 in
1040 1561 1210 1637 inundata
1236 1560 1286 1635 io·

366 1662 464 1739 ca&
480 1662 568 1736 finus
585 1661 745 1735 infertur.
780 1664 826 1735 Et
850 1664 936 1735 haec
962 1661 1154 1758 praecipue
1174 1661 1213 1735 in
1238 1661 1300 1733 10··

367 1765 421 1836 cis
447 1759 633 1834 maritimis
650 1760 727 1835 fieri
744 1761 881 1835 necesse
902 1760 951 1835 est
972 1815 983 1849 ,
1015 1759 1059 1832 ad
1075 1781 1117 1833 ea
1134 1760 1289 1833 maxime

368 1863 477 1948 loca,
518 1881 666 1955 quorum
696 1860 817 1933 littora
842 1884 862 1933 a
892 1853 1075 1932 fluminum
1113 1859 1314 1955 majorumss

369 1956 469 2033 ostiis
485 1959 592 2031 toties
608 1978 787 2031 mutantur
802 1981 869 2054 pro
889 1960 988 2031 vario
1002 1956 1187 2029 fluminum
1206 1958 1289 2029 Cur·

369 2054 465 2132 su&
481 2057 628 2129 Cumulo
656 2078 813 2144 arenae,
839 2079 942 2152 quam
970 2049 1066 2129 ostiis
1094 2054 1270 2130 invehunt
1280 2107 1295 2144 ,-

370 2173 433 2230 aut
455 2179 520 2251 pro
542 2157 743 2231 Ventorum
765 2152 949 2229 fluminum
977 2152 1118 2228 effluxui
1141 2154 1294 2227 reniten-

370 2256 462 2327 tium
480 2254 528 2325 vi.
578 2253 667 2326 Inde
693 2254 729 2326 in
746 2272 801 2324 tot
823 2253 985 2342 Galliae,
1019 2253 1141 2327 Italiae
1159 2247 1198 2325 ἃ
1217 2254 1290 2326 An·

370 2352 468 2448 gliae
485 2349 669 2448 maritimis
691 2351 775 2424 locis
797 2369 898 2424 tauta
924 2350 1202 2449 petrificatorum
1233 2372 1291 2423 co·

371 2452 443 2546 pia.
493 2450 540 2521 Et
560 2447 665 2523 strata
682 2447 1015 2527 Amstelodamenfia
1034 2450 1167 2526 docent
1183 2470 1291 2549 quan·

373 2562 448 2622 tam
468 2549 556 2621 haec
571 2549 691 2644 Regio
716 2570 779 2645 per
798 2549 996 2624 alluviones
1020 2574 1184 2649 aquarum
1216 2572 1290 2623 mu·

373 2647 548 2720 tationem
567 2645 659 2740 paffa
674 2645 791 2721 fuerit.
845 2648 947 2752 Quae
967 2650 1060 2724 enim
1078 2649 1121 2720 ad
1143 2671 1203 2741 99.
1232 2670 1291 2744 pe·

375 2742 462 2815 dum
479 2742 829 2839 profunditatem'ibi
857 2749 1034 2820 invenitur
1057 2750 1177 2821 Arena
1200 2749 1291 2819 Con·

375 2843 510 2915 chacea
523 2839 662 2931 docet,
703 2845 807 2916 maris
824 2844 936 2918 undas
953 2847 1036 2918 olim
1061 2845 1153 2919 hunc
1176 2847 1292 2920 locum

375 2938 509 3012 alluiffe
518 2992 531 3029 ,
558 2942 618 3035 qui
633 2940 715 3014 dein
731 2966 795 3037 per
812 2944 993 3016 intervalla
1017 2943 1139 3016 crusta·
1151 2962 1293 3018 centum

377 3038 487 3132 pedes
506 3034 614 3111 etalii
632 3039 751 3113 autius
776 3039 855 3131 est,
887 3064 989 3142 quam
1017 3043 1120 3116 maris
1145 3039 1293 3138 impetui

375 3136 539 3232 opponit.
568 3141 610 3209 ln
630 3141 705 3236 agri
724 3137 862 3212 Parifini
879 3138 990 3215 stratis
1012 3144 1094 3236 Cap.
1113 3140 1192 3213 ΧΗ.
1212 3167 1256 3236 pa
1282 3192 1292 3212 .

381 3257 464 3324 105.
488 3236 667 3333 exhibitis
693 3258 797 3310 arena
820 3238 1031 3328 Conchacea
1048 3240 1081 3312 in
1113 3238 1295 3332 profundi·

376 3353 454 3429 tate
479 3353 540 3421 49.
564 3343 619 3406 60.
646 3342 704 3407 62.
729 3343 786 3428 ⁶3·
810 3358 868 3428 72.
894 3359 952 3429 75.
975 3345 1031 3431 78.
1072 3338 1200 3432 pedum
1233 3362 1294 3410 va·

378 3431 433 3503 ria
456 3428 592 3524 semper
607 3430 792 3506 stratorum
804 3437 950 3509 materie
966 3435 1170 3530 interposita
1184 3437 1295 3511 mani·

377 3526 507 3601 festum
526 3535 675 3626 praebet
691 3532 858 3605 indicium
887 3555 991 3626 quam
1012 3536 1125 3614 varias
1148 3535 1298 3612 iuuuda·

381 3625 521 3704 tionum
541 3629 639 3706 vicet
663 3631 722 3704 hic
736 3631 853 3706 Locus
871 3629 1027 3710 subierit.

1194 3922 1301 4000 CA·¹
