3300 5050
449 576 512 645 na
560 556 1080 669 efflare-icaria,
1167 584 1221 655 ,45

307 745 401 821 Tab.
427 766 484 833 19.-
510 744 552 814 L.
577 744 633 815 M.
659 741 715 827 Ν.·
744 741 886 837 egregie
915 740 1120 839 depingitur
1148 742 1226 818 Mi·

303 844 487 934 croscopio
509 839 687 941 infigniter
707 838 861 911 aucium.
899 838 997 912 ldem
1016 843 1126 920 etiam
1142 843 1224 915 Fos·
1287 900 1288 904 ,

305 942 366 1017 srle
380 942 526 1013 hahetur
545 961 588 1011 ex
612 960 718 1011 arena
733 938 863 1009 montis
887 938 1099 1031 Covignani.
1150 941 1224 1011 Re·

305 1039 440 1134 peritur
466 1054 604 1133 quoque
632 1039 668 1109 in
693 1050 803 1109 arena
823 1035 922 1128 putei
946 1034 1225 1134 Thumavienfis

305 1138 548 1223 Franconiae,
572 1132 683 1207 sedin
701 1157 743 1206 ea
759 1156 889 1220 arena,
913 1156 1001 1228 quae
1017 1133 1060 1204 ad
1075 1158 1131 1207 me
1143 1158 1224 1230 per·
1352 1138 1355 1143 “

305 1240 442 1408 venfitgt
454 1234 656 1328 specimina
669 1255 741 1306 non
764 1231 917 1321 iuveni,
941 1228 1003 1304 nin
1024 1234 1129 1307 valde
1154 1234 1221 1316 inr-¹

303 1356 406 1430 pere
444 1356 477 1407 a.
1061 1373 1063 1385 =

531 1526 831 1652 carue
896 1526 1036 1613 xv„
1159 1545 1166 1563 ·

310 1794 314 1802 .
354 1724 816 1801 CochlirerestPetrificatum
827 1720 1222 1798 CochleaeliveTella·

304 1825 360 1899 cei
379 1825 526 1900 tubulosr
545 1828 580 1897 in
604 1825 729 1921 spiram
752 1825 945 1899 convoluti.
998 1824 1085 1895 Sunt
1102 1822 1236 1896 autem*

303 1922 361 1994 vel
386 1926 615 1997 uniloculares
649 1923 708 1996 vel
731 1922 1003 1996 multiloculares
1023 1920 1095 1994 'vel
1119 1921 1223 2017 poly-

302 2019 450 2109 thamii,
474 2039 577 2113 prout
597 2020 752 2093 cavitate
769 2019 943 2094 donantur
959 2015 1133 2113 simplici,
1159 2019 1222 2091 vel

281 2171 283 2176 .
304 2138 369 2211 per
385 2116 651 2214 diaphragmata
666 2116 703 2188 in
716 2119 814 2210 plura
829 2116 1221 2197 loculamentadistinc·

304 2234 354 2284 ta.
380 2214 782 2289 Affinitascochlearum
801 2213 1233 2309 polythalamiarum'cum'

303 2312 431 2403 Specie
444 2311 607 2408 proxime
620 2312 858 2407 praecedente
875 2312 1220 2386 Orthoceraricarum

290 2409 443 2500 suadet,
464 2430 503 2483 ut
521 2414 566 2485 de
588 2413 641 2483 his
663 2412 778 2504 primo
798 2433 952 2503 agamus.
1008 2410 1140 2493 Eadem
1161 2411 1228 2485 hie

303 2508 443 2582 obtinet
454 2510 587 2583 Tubuli
603 2505 879 2583 testaceidivifio
896 2510 930 2580 in
947 2510 1222 2597 concameratio-

300 2628 365 2677 nes
380 2631 442 2700 per
457 2608 726 2704 diaphragmata
741 2603 962 2699 interposita,
981 2605 1230 2680 eadem·com··
1345 2606 1350 2617 '

301 2710 498 2778 municario
520 2731 589 2799 ope
605 2705 796 2800 liphunculi
820 2705 878 2776 vel
893 2704 1077 2787 canaliculi
1098 2729 1128 2778 a·
1141 2707 1219 2795 Spi-

302 2826 363 2874 rae
380 2803 480 2901 apice
502 2805 545 2877 ad
561 2822 759 2877 extremum
784 2802 1012 2899 diaphragma
1035 2800 1219 2896 producti,

300 2900 686 3002 ibidemquepa'tentis.
735 2899 920 2975 Differunt
937 2901 1106 2983 cochleae
1129 2919 1220 2987 anu,-
1240 2939 1242 2941 ·

302 3002 350 3073 ho
366 3002 483 3072 versus
498 3002 635 3095 apicem
649 2999 754 3074 valde
771 2997 956 3093 angustato
972 3001 1011 3073 in
1026 3002 1162 3094 Spiram
1180 3000 1231 3074 in.

278 3097 442 3168 'eodem
468 3099 573 3189 plano
612 3097 759 3190 positam
802 3100 1034 3172 convolutu-
1068 3100 1219 3182 Horum

303 3195 505 3266 accuratam
535 3194 743 3268 structuram
784 3195 917 3287 primus
958 3194 1096 3269 detexit
1142 3197 1216 3270 Cel.

301 3293 459 3366 Bnarru
471 3314 584 3376 rus·,.
592 3292 742 3366 eandem
757 3291 951 3365 illustravit
969 3290 1070 3365 Nob.
1087 3292 1218 3367 Karr-

200 3386 201 3392 ’
302 3412 434 3477 urus,
461 3391 712 3462 acceffionibus
734 3390 839 3461 novis
869 3406 1040 3462 auxerunt
1056 3388 1218 3464 Donissr-
1319 3414 1323 3423 ·

302 3489 352 3559 mi
371 3488 453 3560 Viri
473 3491 677 3563 Francus
704 3485 902 3584 (Bianchi)
920 3486 958 3562 ἃ
990 3487 1219 3574 Guauara·

303 3605 408 3673 urus
437 3586 505 3678 (u).
538 3588 636 3660 Mihi
660 3589 816 3691 placeret
842 3585 934 3681 hanc
956 3582 1108 3682 Clallem·
1126 3587 1162 3660 in
1178 3609 1216 3681 4.

304 3682 446 3754 Genera
459 3683 653 3800 dispescere
670 3702 777 3782 prout
796 3684 876 3800 'gyri
897 3684 1055 3800 ‚contigui
1076 3681 1157 3805 sunt
1176 3683 1219 3760 cir
1239 3738 1240 3741 a

343 3873 440 3955 (nu
453 3875 524 3957 pers
538 3880 640 3965 pua.
1040 3854 1042 3861 '
1157 3804 1223 3859 ω’
