3300 5050
477 555 541 650 nr
587 543 1111 652 luun'tlr'cnrrs.
1213 572 1284 653 ηπ

359 755 429 853 que
445 755 491 829 ad
513 758 588 853 ejus
613 755 758 855 ripas&
779 756 870 833 smus
893 817 904 850 ‚
941 759 965 832 fr
990 760 1101 854 ipsum
1119 758 1284 851 recedat,

363 856 422 930 vel
454 878 499 929 ex
527 857 703 930 alluvione
733 878 880 953 propter
903 860 994 931 alvei
1020 857 1285 949 elevationem,

361 953 422 1025 vel
440 976 486 1025 ex
504 953 702 1028 corrosrone
724 956 748 1027 st
769 958 880 1050 ipsum
909 957 1039 1030 Terras
1066 955 1285 1051 ingrediatur

335 1121 337 1127 ,
363 1047 403 1123 or
418 1051 515 1147 aquis
532 1051 598 1125 suis
614 1073 787 1147 perpetuo
806 1058 996 1153 compleat.
1024 1052 1190 1126 Recellus
1202 1056 1282 1125 Ma·

363 1150 412 1221 ris
427 1172 448 1221 a
463 1151 612 1223 moeniis
628 1153 736 1225 Urbis
754 1152 889 1227 nostrae
913 1152 1115 1249 (Ariminii)
1134 1173 1223 1245 quae
1243 1174 1283 1223 o·

363 1248 427 1319 lim
456 1245 569 1342 ipsum
597 1250 750 1324 alluebat
771 1249 822 1323 est
845 1250 977 1345 pedum
1004 1252 1144 1322 circiter
1177 1272 1284 1339 1750.

366 1345 488 1445 Quare
506 1348 628 1438 procul
646 1348 753 1422 dubio
768 1371 893 1423 revera
913 1349 1020 1422 modo
1043 1346 1124 1420 satis
1145 1348 1285 1444 patenti

365 1466 388 1513 a
407 1444 508 1519 nobis
532 1443 667 1518 recellit
684 1468 807 1534 mare,
833 1468 936 1542 quam
958 1466 1012 1521 tot
1026 1445 1150 1542 jugera
1168 1446 1285 1539 Agro·
1387 1482 1390 1486 ·
1413 1452 1415 1459 '

363 1560 442 1614 rum
470 1543 668 1617 Hortorum
697 1544 890 1617 cultoribus
920 1542 958 1617 &a
977 1543 1021 1617 ad
1046 1543 1183 1640 segetes
1205 1542 1284 1615 ido·

361 1661 431 1711 nea
451 1640 642 1734 reliquerit.
696 1642 802 1738 Cujus
823 1643 874 1715 rei
899 1643 1022 1715 Turris
1048 1639 1086 1714 ἃ
1112 1641 1222 1713 moles
1243 1640 1287 1713 il·
1391 1644 1393 1647 ⁴

367 1737 402 1808 la
421 1736 571 1809 mirifica
588 1740 624 1811 in
640 1739 744 1813 Sicco
763 1744 947 1814 haerentes
959 1742 1286 1835 sempiternaerunt

364 1832 592 1924 testimonia,
617 1838 675 1911 sed
691 1839 806 1911 adhuc
827 1839 939 1934 magis
955 1862 1052 1911 mare
1068 1863 1089 1910 a
1108 1839 1287 1909 Ravenna*

349 1931 524 2027 recellit,
549 1957 638 2028 quae
655 1937 740 2009 olim
755 1939 971 2031 temporibus
987 1938 1231 2009 Romanorum
1245 1932 1285 2007 δι

368 2031 571 2104 Gothorum
592 2034 684 2105 intra
700 2034 846 2106 marinas
862 2035 1002 2108 lacunas
1019 2032 1081 2105 lrta
1098 2051 1172 2108 erat
1190 2085 1203 2121 ‚
1231 2033 1284 2106 ita

340 2144 343 2149 ·
367 2147 407 2201 ut
434 2151 528 2202 nunc
555 2131 647 2203 Urbs
667 2130 880 2225 ‘ampliffima
901 2132 1134 2206 Venetiamm
1162 2129 1199 2203 ἃ
1230 2149 1285 2203 ta·

367 2247 450 2300 men
467 2227 574 2300 modo
594 2229 630 2300 in
647 2227 739 2302 srcco
767 2229 909 2303 haereat
924 2231 1098 2304 Ravenna
1118 2248 1155 2301 ut
1175 2252 1196 2299 a
1211 2253 1284 2301 ma-

326 2408 329 2412 ‚
365 2327 396 2399 ri
419 2324 530 2398 tribus
553 2324 629 2399 fere
644 2328 796 2402 millibus
815 2327 964 2423 pallrbus
981 2326 1096 2401 distet.
1145 2328 1286 2403 Verum

367 2422 474 2510 bodie
489 2422 581 2509 hanc
600 2427 717 2521 legem
734 2449 830 2501 mare
852 2425 913 2499 fibi
939 2429 1073 2500 servare
1095 2446 1167 2497 non
1186 2425 1289 2499 videa

357 2537 447 2610 tur,
472 2525 545 2594 imo
564 2528 775 2598 contrariam
795 2523 912 2618 potius
931 2549 994 2620 per
1008 2525 1078 2596 lroc
1092 2525 1286 2620 quinquen·

366 2621 465 2693 nium
480 2623 686 2709 observari;
719 2645 800 2695 nam
833 2645 877 2695 ex
906 2626 1000 2695 notis
1023 2623 1089 2695 illis
1106 2623 1199 2715 'quae
1220 2622 1286 2718 lig.

366 2719 422 2792 nis
438 2720 671 2792 exterioribus
679 2740 800 2814 portus
815 2720 921 2792 nostri
931 2719 1049 2806 inoffi,
1075 2722 1192 2816 potius
1205 2723 1284 2794 Ma·

366 2836 406 2890 re
427 2816 497 2888 hoc
511 2835 673 2913 tempore
690 2817 864 2891 accellrlle
879 2843 983 2916 quam
998 2816 1166 2894 recellrsse
1186 2820 1284 2893 colli-

366 2937 428 3012 go.
486 2916 542 3016 lta
574 2918 714 3011 Juuns
763 2919 982 3000 Plancus.
1031 2918 1163 2999 Saltem
1194 2917 1284 2990 haee

366 3011 487 3085 omnia
506 3014 743 3104 confirmant,
777 3017 879 3087 More
907 3039 969 3111 pet
992 3033 1048 3087 tot
1076 3015 1281 3088 Seculorum

366 3110 549 3183 decursum
576 3116 768 3185 recedente
792 3114 999 3205 littoribus,
1030 3116 1098 3185 leco
1124 3113 1282 3208 reliqurffe

362 3207 562 3302 perrifimtis
581 3214 700 3305 plena,
725 3233 814 3307 quae
844 3212 938 3306 prius
961 3211 1109 3284 Oceano
1131 3212 1281 3306 obtege÷

367 3308 516 3398 bantur,
530 3308 569 3382 ἃ
585 3309 699 3382 Maris
716 3308 865 3393 luridum
880 3313 965 3384 olim
982 3308 1254 3394 constituebant.
1273 3365 1282 3405 ¹

543 3503 846 3591 CAPUT
929 3506 1119 3601 XVIII,

381 3755 391 3774 .
415 3697 489 3772 Etli
505 3722 594 3773 vero
609 3703 652 3774 ab
676 3725 721 3775 eo
744 3701 860 3776 Maris
876 3699 1015 3775 'recessu
1031 3704 1130 3799 plura
1145 3702 1280 3778 Petrifi·

291 3879 299 3892 ,
364 3798 1280 3894 catenatafu'illeconstet,nontamenindeintelligi·

366 3911 425 3966 tur
443 3917 504 3968 cur
516 3897 556 3969 in
568 3897 734 3989 altiffimis
751 3900 932 3971 montibus
956 3899 1045 3971 ultra
1061 3901 1183 3973 decem
1198 3900 1276 3970 mil·

363 3989 413 4083 lia
424 3994 558 4092 pedum
576 3996 676 4092 supra
693 3998 932 4172 horizontes?I
937 3996 1044 4072 maris
1063 3999 1212 4075 elevatis
1225 3993 1281 4072 '‘ut-

956 4115 980 4186 5
1067 4131 1072 4139 ’
1220 4115 1283 4169 lle!
