3300 5050
438 569 508 643 nr
580 561 735 657 Jorr.
807 557 1240 650 cosunnus

432 763 555 837 ruptos
574 742 808 839 fontesabysn
820 796 833 834 ‚
847 741 885 819 u
903 744 985 818 inde
995 762 1222 839 erumpentes
1232 762 1352 839 aquas,¹

433 864 599 938 aquarum
624 843 881 915 incrementum
898 841 942 915 ad
962 842 1196 916 altitudinem.
1210 861 1253 929 15
1282 845 1350 914 Cu·

431 940 587 1013 bitorum
603 941 703 1034 super
716 940 919 1013 editiffimos
935 942 1105 1031 Montes,
1120 938 1142 1012 st
1162 941 1295 1012 lentum
1312 964 1350 1012 a·

431 1060 578 1134 quarum
595 1036 880 1128 decrementum,
905 1036 930 1111 st
952 1036 1099 1126 liutius,
1123 1034 1161 1110 δι
1181 1060 1351 1136 aquarum

429 1133 684 1233 profluentium
705 1132 744 1208 ἃ
766 1138 1027 1235 erumpentium
1044 1138 1238 1231 impeturn,
1263 1132 1288 1207 sr
1312 1159 1351 1209 a·

429 1235 641 1330 gitationem
680 1256 846 1329 aquarum
883 1259 950 1331 per
986 1255 1115 1309 ventos
1149 1233 1351 1332 cogitamus

429 1332 559 1405 mirum
590 1354 662 1403 non
685 1332 867 1405 videbitur
893 1332 918 1406 li
943 1334 1247 1408 remotilirmarum
1274 1334 1348 1406 Re·

426 1432 597 1527 gionum,
633 1428 836 1504 Plantae&
858 1432 1034 1506 Animalia
1057 1455 1121 1529 per
1138 1430 1348 1506 universum
1431 1490 1434 1496 .

425 1530 552 1601 orbern
580 1526 733 1624 dispersa
758 1529 927 1617 fuerunt,
963 1527 987 1601 fi
1012 1529 1117 1605 strata
1148 1530 1301 1603 formata
1324 1551 1356 1618 a

422 1624 621 1700 firbstdente
636 1628 791 1721 graviori
811 1628 976 1718 materia,
993 1624 1018 1699 li
1032 1626 1240 1722 petrificatir
1262 1645 1346 1700 ante

427 1724 599 1798 diluvium
621 1726 711 1796 natis
731 1724 799 1797 alia
824 1724 1038 1801 accesserunt
1057 1749 1147 1822 quae
1171 1726 1205 1800 in
1229 1722 1346 1799 stratis

381 1873 385 1878 -
424 1825 651 1915 reperiuntur
678 1822 735 1895 vel
760 1822 916 1915 lapidum
943 1822 1130 1915 fiffilium,
1160 1825 1218 1898 vel
1244 1823 1346 1898 saxo·

426 1943 505 1994 rum
526 1944 572 1994 ex
589 1942 712 2009 arena,
730 1921 841 2009 mica,
868 1921 1012 2018 aliisque
1027 1922 1346 2018 heterogeneispe.

424 2019 585 2097 nefartis
608 2019 814 2091 intermixto
833 2018 1118 2115 compositorum.
1143 2022 1264 2093 Ideam
1281 2020 1345 2093 hu,

422 2121 480 2217 jus
503 2116 705 2214 Systematis
718 2117 805 2190 olim
817 2119 1071 2212 proposuerunt
1088 2119 1238 2197 Hieron.
1254 2120 1346 2193 Fun·

425 2238 634 2304 casrotuus,
647 2216 775 2287 Fabius
791 2217 971 2289 eorunm
982 2269 996 2307 ,
1009 2218 1100 2291 Alex
1116 2219 1160 2291 ab
1172 2219 1344 2303 Attxurt·

240 2305 244 2312 ¹
305 2389 320 2407 ,
425 2340 499 2393 nuo
513 2367 527 2405 ,
543 2316 660 2387 Divus
677 2315 897 2401 Limaeam,
914 2316 1164 2412 Moscrumus,
1181 2318 1343 2391 Counnt·

425 2437 535 2501 orus,
560 2414 680 2484 Srnuo
697 2411 756 2483 alii
779 2410 875 2505 (h),
902 2411 940 2485 <lt
962 2432 1104 2486 {neunte
1121 2413 1192 2489 hot
1215 2415 1344 2488 Seculo
1417 2474 1422 2481 .

358 2537 366 2546 ·
425 2512 499 2586 Cel.
520 2511 862 2584 Woouwtunus
880 2513 1015 2608 Anglus
1033 2568 1043 2600 ‚
1069 2514 1127 2608 qui
1143 2512 1262 2608 magni
1278 2538 1342 2586 no·

423 2612 529 2684 minis
539 2610 647 2681 Viros
663 2604 804 2687 alleclas
817 2607 1068 2698 habuit‚idem
1086 2611 1204 2684 multis
1223 2611 1341 2684 obsera

422 2709 625 2781 nationibus
641 2705 853 2797 illustravit,
886 2708 943 2781 sed
962 2710 1076 2781 minus
1103 2709 1202 2782 reike
1227 2707 1266 2782 ἃ
1289 2711 1342 2785 in·

423 2806 635 2882 sufficienter
665 2804 822 2875 omnium
854 2806 1133 2899 petrilicatorum
1164 2808 1343 2903 originem

346 2920 348 2924 ’
421 2905 506 2979 inde
529 2921 692 2995 repetere
715 2921 861 2974 conatus
884 2901 944 2976 ell.
982 2905 1113 2997 Neque
1136 2908 1230 2979 enirn
1253 2908 1340 2980 inde

423 3001 1340 3094 rationedditur‚curtantavispetrilicatorurnunius

420 3099 554 3194 speciei
575 3101 611 3171 in
633 3099 760 3170 eodem
783 3099 863 3170 loco
889 3098 1130 3174 inveniatur?
1163 3127 1223 3175 c-ur
1244 3103 1341 3176 inter

421 3200 512 3274 haec
536 3195 601 3271 srnt
616 3197 780 3291 graviora
794 3222 894 3293 quam
916 3222 1005 3292 quae
1029 3204 1063 3272 in
1089 3201 1187 3273 undis
1217 3219 1339 3275 natare

421 3297 577 3394 pollent,
604 3318 666 3368 cur
683 3297 830 3367 Corallia
858 3319 947 3395 quae
970 3297 1187 3390 lapideae&
1207 3296 1339 3374 solidae

365 3427 378 3441 ·
418 3392 491 3471 basi
505 3395 695 3468 adhaerere
720 3395 830 3466 solent
847 3417 946 3481 ,our
961 3394 1133 3469 Testucea
1150 3419 1239 3491 quae
1256 3395 1337 3470 funt

344 3513 346 3517 ’
372 3547 375 3552 -
421 3495 504 3568 dum
521 3493 634 3566 Maris
654 3489 877 3581 inhabitant,
905 3489 943 3563 ἃ
960 3515 1021 3567 cur
1041 3492 1130 3565 haec
1147 3496 1337 3588 aliquando

420 3595 459 3669 in
478 3590 671 3664 editifflmis
693 3590 870 3662 montibus
889 3590 986 3662 unita
1000 3593 1248 3684 reperiantur?
1272 3616 1344 3667 cur·

418 3692 528 3771 etiarn
556 3689 688 3763 rariora
715 3685 782 3761 sint
803 3687 946 3773 inlotis
969 3688 1264 3787 depreffioribur,
1290 3688 1337 3777 ad

1151 3870 1153 3876 Α
1213 3809 1343 3900 ntur

457 3907 505 4008 lh)
524 3911 732 3973 Houmnntnt
752 3907 770 3968 l.
791 3923 822 3978 ς,
